2635 3413
1083 264 1563 314 Qus-14⁹*

271 397 347 431 ter
365 385 498 430 Deus
521 387 744 431 multum
763 384 882 443 tibi,
919 384 990 429 mi
1009 385 1172 442 frater,
1205 384 1396 428 bonum
1415 381 1608 426 referat.
1677 380 1785 428 Hoc
1808 395 1925 444 prae
1942 380 2118 429 ceteris
2142 381 2239 429 tibi
2265 364 2384 447 scri·

269 475 384 519 bere
402 473 559 529 volui,
597 476 831 534 nihilque
859 474 1008 518 refert
1037 474 1142 530 (66)
1179 472 1312 531 quod
1345 471 1439 514 ista
1471 484 1548 514 eas
1576 469 1658 514 via
1682 471 1894 530 misisti,
1931 466 2216 531 quaemihi
2243 465 2399 517 valde’
2446 460 2449 463 ¹

270 564 520 625 probatur.
592 565 732 623 Quod
751 578 860 608 vero
882 564 1065 607 multas
1088 572 1138 606 te
1154 561 1278 606 dicis
1299 559 1358 604 ad
1382 559 1707 618 Ibrahymum
1728 560 1921 604 litteras
1953 561 2160 620 dedisse,
2197 569 2290 606 nec
2315 560 2400 606 vim

272 652 402 698 disse
432 667 750 712 responsum,
789 653 935 708 sciaS,
973 652 1189 708 dictum,
1231 650 1383 694 illum
1410 649 1738 708 Ibrahymum
1769 648 1961 693 duobus
1992 650 2175 695 abhinc
2204 648 2389 694 mensi-

275 743 363 786 bus
385 744 583 786 Tunete
602 752 857 785 mortuum
880 755 1005 798 esse,
1041 739 1378 784 melancholia
1401 739 1733 798 laborantem,
1769 753 1902 783 anno
1922 749 1972 783 et
1998 739 2132 798 quod
2155 737 2390 797 excurrit,

273 843 536 892 postquam
568 831 789 874 Liburno
822 843 1041 874 reversus
1069 839 1188 887 erat,
1217 829 1565 888 praeterlapso.
2234 823 2237 826 ’

414 920 553 979 Quod
586 920 788 963 nuntias
812 929 1062 962 mortuam
1088 934 1191 963 esse
1223 933 1431 962 uxorem
1455 927 1598 961 tuam
1617 917 1891 976 Helenam,
1928 917 2002 961 mi
2025 905 2262 975 domine,
2298 914 2395 960 scit

276 1010 433 1063 Deus,
471 1019 775 1067 quantopere
802 1007 854 1051 id
885 1007 1046 1066 dolui,
1084 1007 1324 1066 quoniam
1344 1007 1522 1052 sororis
1555 1021 1664 1050 eam
1696 1006 1805 1050 loco
1828 1007 2098 1065 habebam3
2156 1006 2407 1058 miseram*

275 1096 415 1142 illam
438 1113 560 1156 quae
582 1098 712 1141 mihi
729 1098 899 1156 paullo
925 1107 1042 1141 ante
1065 1096 1347 1157 scripserat!
1416 1097 1605 1158 Magno
1639 1095 1800 1158 igitur
1828 1107 1879 1142 et
1899 1112 2071 1142 omnes
2091 1097 2196 1141 mei
2218 1096 2397 1156 imple-

276 1187 316 1230 ti
354 1198 470 1230 sunt
507 1201 741 1231 moerore.
811 1188 875 1230 At
895 1187 989 1231 hoc
1014 1186 1109 1231 tibi
1136 1186 1201 1230 sit
1228 1188 1475 1244 solamen,
1512 1184 1585 1228 mi
1612 1185 1867 1231 carissime
1890 1187 2062 1231 frater!
2100 1185 2401 1231 mortalium·
2451 1174 2453 1177 ⁸

279 1277 476 1320 nemini
513 1276 793 1320 remedium
829 1289 948 1320 esse.
1015 1276 1114 1319 Nos
1153 1290 1326 1320 omnes
1354 1275 1588 1341 imusfad
1624 1287 1853 1322 mortem.
1926 1277 2086 1337 Quare
2117 1275 2311 1335 explica
2344 1283 2406 1319 et-

274 1367 527 1409 consolare
547 1367 778 1410 animum
798 1375 962 1411 tuum.
980 1366 1150 1410 Nimia
1174 1365 1383 1410 tristitia
1402 1365 1538 1409 nihil
1554 1365 1651 1409 tibi
1673 1366 1816 1410 affert
1839 1365 2106 1423 commodi,
2143 1364 2227 1409 sed
2246 1360 2406 1409 nocet*

271 1456 563 1501 valetudini.
624 1456 874 1500 Dominus
899 1470 1012 1500 vero
1029 1456 1124 1500 tibi
1151 1456 1381 1515 praebeat
1400 1454 1716 1515 patientiam,
1753 1455 2014 1514 filiamque
2034 1454 2129 1499 tibi
2141 1459 2402 1499 conservet}

273 1555 413 1588 tuam
455 1556 501 1589 et
532 1547 588 1589 ab
619 1547 760 1590 omni
795 1546 1027 1590 defendat
1067 1547 1215 1591 malo,
1283 1545 1413 1589 Fiat!
1486 1545 1596 1589 Scio
1634 1543 1884 1603 equidem,
1921 1545 1995 1588 mi
2032 1544 2206 1602 frater,
2243 1559 2397 1603 quam

273 1634 504 1677 acerbum
527 1637 590 1679 sit
612 1637 668 1680 ab
691 1651 843 1681 uxore
863 1635 1050 1680 dirimi.
1121 1635 1213 1680 Sed
1235 1646 1485 1680 errantem
1505 1645 1554 1679 te
1576 1634 1815 1694 suspicor,
1856 1635 1988 1694 quod
2009 1649 2118 1678 eam
2143 1644 2398 1680 mortuam

275 1737 517 1769 memoras
548 1727 588 1767 Y
614 1726 761 1783 Maji,
798 1727 1048 1785 sepultam
1078 1740 1191 1769 vero
1218 1739 1351 1769 nono
1382 1726 1487 1781 ejus
1521 1724 1708 1768 mensis
1737 1724 1830 1769 die.
1904 1724 2162 1786 Quomodo
2184 1733 2398 1783 quatuor

277 1811 380 1856 dies
421 1829 527 1857 eam
564 1814 871 1875 insepultam
903 1831 1006 1860 esse
1043 1815 1312 1860 concedere
1338 1813 1583 1875 potuisti?
1655 1814 1707 1858 Si
1753 1829 1855 1860 non
1895 1814 2090 1871 errasti,
2144 1813 2395 1858 rationem

275 1902 381 1956 ejus
412 1903 540 1949 mihi
573 1905 732 1964 trade,
770 1919 889 1953 nam
917 1904 968 1948 id
987 1904 1127 1949 valde
1155 1904 1359 1949 mirum.
1434 1904 1509 1947 De
1532 1903 1809 1948 seminibus
1832 1903 1980 1961 scias,
2016 1903 2102 1947 hic
2131 1918 2234 1947 non
2263 1918 2398 1964 repe·

275 1991 362 2035 riri
394 1994 642 2050 tabernas,
681 1995 859 2054 quibus
896 1993 1189 2041 vendantur.
1261 1992 1500 2036 Eundum
1537 2003 1609 2037 est
1648 1992 1703 2036 in
1737 1993 1906 2037 hortos
1935 1992 1995 2037 ad
2018 2008 2072 2037 ea
2099 1992 2395 2054 colligenda.

275 2082 449 2155 Itaflue
470 2097 584 2126 cum
605 2084 928 2144 popularium
954 2098 1184 2128 meorum
1212 2082 1383 2141 aliquo
1407 2092 1579 2140 pactus
1603 2097 1729 2140 sum,
1767 2094 1826 2126 ut
1846 2082 2017 2127 decem
2042 2082 2293 2144 regalium
2317 2097 2399 2127 au-

277 2185 473 2215 reorum
514 2174 697 2232 pretio,
735 2183 921 2219 certam
955 2172 1087 2216 mihi
1125 2171 1381 2216 seminum
1410 2173 1701 2231 plantarum
1738 2172 2058 2216 hortensium
2096 2184 2146 2217 et
2185 2173 2399 2218 aliarum

273 2262 586 2319 conquireret
623 2278 887 2306 summam.
964 2262 1182 2323 Collegit
1223 2261 1380 2324 igitur
1427 2262 1526 2305 huc
1567 2277 1722 2320 usque
1764 2262 1971 2306 XXXVI
2005 2275 2208 2324 genera,
2266 2276 2392 2320 quae

274 2350 475 2412 singula
494 2351 680 2401 involvi
710 2353 922 2410 chartae,
967 2350 1222 2411 inscripta,
1272 2360 1329 2395 ut
1355 2350 1575 2409 jussisti,
1613 2351 1820 2397 nomine
1853 2351 2063 2409 arabico,
2100 2362 2149 2397 et
2169 2351 2401 2396 universa

283 2440 500 2498 cophino
522 2443 717 2501 palmae
740 2441 876 2501 foliis
908 2450 1141 2486 contexto
1179 2440 1324 2496 (66*)
1362 2439 1563 2484 inclusi.
1636 2442 1796 2500 Quem
1826 2452 2098 2486 consutum
2121 2451 2171 2486 et
2200 2451 2402 2485 externe

278 2529 534 2589 signatum
570 2533 673 2586 „ad
686 2532 943 2589 Chwagum
972 2529 1074 2590 Af}
1108 2527 1290 2574 tradidi
1314 2529 1577 2575 mercatori
1605 2531 1860 2588 nauclero,
1899 2531 1983 2575 eui
2016 2530 2106 2576 ille
2135 2545 2225 2590 pro
2252 2531 2402 2574 allato

282 2619 489 2665 naulum
535 2620 637 2682 (67)
688 2621 836 2669 dabit.
908 2618 1050 2691 Quod
1085 2618 1128 2663 si
1153 2629 1323 2680 postea
1366 2618 1488 2685 quid.
1530 2631 1786 2680 repertum
1823 2620 2171 2681 apportaverit,
2209 2619 2306 2663 alia
2350 2617 2403 2664 id

280 2707 618 2753 transmittam
652 2725 788 2755 nave.
868 2707 1043 2776 Lintej
1077 2724 1213 2755 nunc
1254 2707 1453 2769 quaevis
1492 2708 1578 2754 hic
1620 2709 1880 2755 invenitur
1920 2709 2134 2768 species,
2202 2707 2402 2752 Germa·

285 2794 387 2843 nici
407 2807 455 2839 et
479 2795 623 2854 alius,
642 2799 858 2857 maxime
872 2799 929 2844 ab
957 2813 1014 2848 eo
1044 2797 1164 2846 inde
1192 2797 1292 2855 die,
1331 2812 1428 2857 quo
1458 2813 1605 2843 naves
1624 2800 1862 2861 Tergesto
1897 2797 2219 2842 advenerunt.
2289 2796 2407 2842 Lin-
2516 2825 2534 2842 0

284 2882 354 2926 tei
373 2885 653 2940 cujusmodi
676 2887 734 2931 ad
757 2904 837 2943 me
857 2888 1065 2949 misisti,
1102 2888 1203 2938 tela
1228 2887 1399 2935 decem
1415 2887 1500 2932 hic
1527 2888 1678 2933 hodie
1703 2888 1953 2952 regalibus
1984 2897 2191 2932 constat.
2261 2888 2406 2933 Acce-

288 2970 414 3015 dunt
439 2972 609 3030 lintei,
674 2973 804 3034 quod
839 2991 866 3021 a
892 2976 1026 3021 vobis
1062 2976 1162 3021 huc
1188 2977 1570 3036 transmittitur,
1608 2988 1806 3024 vectura
1840 2977 1895 3022 in
1925 2976 2219 3023 continente
2251 2988 2410 3036 usque
