2635 3413
1003 250 1144 268 Μ
1217 226 1491 290 17'wss·

1188 355 1290 414 IX.

433 489 578 545 Viro
621 488 990 568 dignissim0‚
1040 485 1206 544 fratri
1254 484 1578 553 carissime,
1636 480 1802 537 Dom.
1841 477 1913 535 N.

168 670 306 746 Post
330 701 556 746 multum
586 716 755 746 rerum
782 712 987 746 tuarum
1017 700 1477 764 cognoscendarum
1512 695 1841 756 desiderium,
1870 692 2134 741 certiorem
2159 699 2210 735 te
2236 687 2305 733 fa-

169 789 271 848 ci0,
307 792 563 836 carissime
591 792 762 850 frater,
799 807 881 835 me
905 802 1021 837 ante
1047 791 1186 836 hunc
1208 806 1437 836 mensem
1462 788 1924 835 aestimatissimam
1951 795 2095 830 tuam
2124 780 2305 842 episto-

167 881 272 926 lam
294 882 565 942 accepisse,
602 882 942 943 syngrapham
971 884 1178 927 alteram
1200 881 1260 926 de
1289 881 1418 935 CLX
1446 880 1648 926 florenis
1681 878 2046 924 continentem.
2116 872 2225 933 Qua
2246 869 2306 914 de

171 985 222 1016 re
267 982 575 1032 quantopere
612 971 809 1034 gavisus
849 972 970 1030 sim,
1027 982 1144 1015 ante
1181 970 1378 1029 omnia,
1434 970 1509 1015 mi
1540 970 1795 1015 carissime
1822 967 1919 1013 tibi
1948 961 2307 1025 exponendum

171 1070 268 1107 est:
306 1061 359 1106 id
382 1062 514 1122 quod
531 1064 667 1108 Deus
687 1061 1003 1107 solummodo
1022 1061 1134 1119 scit3
1169 1060 1577 1121 quandoquidem
1595 1075 1758 1105 annus
1780 1068 1830 1104 et
1848 1073 1931 1103 sex
1951 1068 2147 1101 menses
2168 1059 2304 1108 sunt,

172 1150 355 1211 quibus
385 1138 584 1198 nullam
615 1168 641 1197 a
672 1162 722 1196 te
754 1151 1021 1213 epistolam
1051 1151 1242 1212 accepi,
1281 1161 1331 1195 et
1358 1167 1510 1210 quam
1538 1149 1705 1211 accepi
1726 1148 2077 1205 novissimam,
2115 1158 2172 1188 ea
2188 1150 2306 1186 ante

171 1241 263 1287 hos
296 1241 419 1288 duos
452 1257 608 1288 annos
640 1242 753 1287 data
776 1251 893 1287 erat.
965 1241 1209 1302 Quocirca
1242 1241 1464 1286 maxime
1493 1241 1553 1287 de
1584 1251 1634 1287 te
1662 1255 1798 1286 eram
1827 1236 2100 1294 sollicitus,
2148 1245 2307 1292 eoque

171 1332 359 1394 magis,
395 1333 529 1392 quod
552 1347 641 1393 per
669 1333 972 1394 Tergestum
1001 1341 1051 1376 et
1075 1331 1365 1376 Liburnum
1394 1331 1611 1391 quoties!
1681 1330 1997 1390 scripseram,
2035 1325 2190 1372 etiam
2218 1336 2310 1384 per

173 1421 480 1481 Massiliam,
524 1421 610 1467 sed
638 1436 722 1466 cor
751 1437 926 1466 meum
956 1421 1013 1466 in
1052 1421 1252 1466 nuntiis
1292 1420 1352 1466 de
1387 1423 1549 1466 salute
1575 1431 1664 1466 tua
1694 1416 2038 1480 exspectandis
2067 1408 2306 1476 perstitit.

172 1513 367 1559 Tamen
401 1511 553 1558 hodie
588 1521 709 1556 sunt
745 1511 944 1556 circiter
979 1511 1101 1556 duos
1138 1490 1334 1556 menses
1374 1511 1434 1556 ad
1468 1511 1637 1556 virum
1673 1509 1808 1555 mihi
1844 1508 2068 1554 amicum
2089 1500 2308 1549 Liburni

172 1613 594 1662 commorentem,
632 1601 832 1663 scripsi,
866 1611 926 1647 ut
951 1601 995 1646 si
1029 1601 1129 1663 ipsi
1154 1600 1481 1647 Vratislaviae
1508 1611 1656 1659 esset,
1688 1614 1909 1660 quocum
1943 1593 2308 1643 commercium

172 1694 481 1740 litterarium
502 1695 702 1750 coleret,
740 1692 827 1738 hic
849 1692 907 1737 de
930 1701 980 1738 te
1000 1693 1304 1753 exploraret,
1344 1707 1472 1738 num
1498 1691 1660 1739 adhuc
1685 1691 1741 1737 in
1765 1690 1891 1736 vivis
1911 1689 1993 1735 sis,
2028 1682 2311 1746 Respondit

174 1786 439 1832 neminem
479 1784 578 1830 sibi
609 1782 937 1829 Vratislaviae
973 1798 1103 1843 esse,
1157 1797 1379 1844 quocum
1407 1784 1508 1829 tale
1543 1781 1905 1829 commercium
1948 1780 2157 1835 coleret,
2223 1773 2310 1820 sed

109 1935 123 1949 ἓ
175 1877 400 1922 amicum
423 1874 692 1945 quemdam
726 1873 943 1920 Liburni
977 1873 1306 1934 epistolarum
1337 1872 1701 1919 commercium
1725 1872 1782 1918 in
1804 1882 1933 1917 terra
1960 1879 2121 1914 vestra
2147 1866 2310 1912 colen-

176 1979 309 2027 tem,
347 1966 436 2027 qui
457 1967 515 2012 de
535 1976 587 2012 te
609 1966 900 2024 exploraret.
969 1965 1074 2010 Hac
1093 1963 1253 2026 igitur
1280 1963 1491 2025 epistola
1511 1963 1645 2009 mihi
1671 1978 1697 2008 a
1722 1973 1772 2008 te
1798 1961 2092 2022 obtingente
2116 1954 2314 2001 laetitia

181 2070 230 2106 et
250 2058 495 2122 gaudium
522 2057 582 2101 ad
609 2070 872 2102 summum
888 2069 971 2100 me
993 2055 1202 2101 incessit
1225 2064 1275 2100 et
1301 2054 1482 2116 gratias
1512 2053 1592 2116 egi
1608 2054 1732 2113 Deo,
1769 2051 1902 2112 quod
1930 2051 2091 2095 salute
2120 2046 2314 2109 optima

177 2150 375 2195 frueris.
443 2150 606 2207 Atque
633 2147 728 2192 hoc
749 2144 883 2191 mihi
910 2145 1194 2191 maximum
1216 2154 1312 2203 est,
1349 2144 1428 2189 uti
1452 2146 1587 2189 Deus
1617 2158 1699 2189 cor
1722 2157 1898 2189 meum
1930 2140 2086 2187 novit.
2157 2135 2313 2182 Dein·

182 2239 242 2286 de
270 2249 462 2298 autem,
499 2253 658 2297 quum
689 2236 748 2281 de
776 2235 939 2282 allatis
960 2235 1124 2294 libris,
1164 2250 1285 2295 quos
1315 2234 1434 2293 tibi,
1472 2249 1561 2296 per
1586 2249 1800 2279 manum
1816 2231 1951 2278 beati
1988 2231 2092 2293 (74)
2131 2227 2314 2273 Chava-

182 2345 245 2393 ga
269 2330 493 2389 Raphael
522 2327 720 2385 Kuhin,
758 2326 1017 2386 miseram,
1068 2326 1204 2372 nihil
1236 2324 1594 2385 rescripsisses,
1641 2323 1727 2369 hic
1759 2337 1873 2369 vero
1901 2330 2017 2374 ante
2044 2332 2237 2363 annum
2265 2325 2316 2362 et

183 2421 318 2482 quod
341 2418 560 2473 excurrit
588 2427 816 2462 mortuus
846 2416 936 2476 sit,
971 2431 1063 2464 nec
1098 2431 1177 2461 eos
1201 2416 1352 2462 libros
1382 2416 1462 2460 abs
1486 2425 1535 2460 te
1554 2414 1739 2474 petitos
1760 2427 1864 2458 esse
1893 2407 2228 2466 nuntiaverit,
2265 2416 2318 2451 et

185 2526 276 2574 ego
304 2509 552 2556 nescirem
579 2524 729 2568 quem
753 2506 811 2553 de
835 2517 885 2552 te
906 2507 1241 2567 consulerem,
1279 2516 1368 2553 tua
1385 2520 1556 2550 caussa
1587 2503 1728 2550 valde
1755 2502 2004 2549 sollicitus
2023 2498 2121 2557 fui,
2160 2497 2319 2543 donec

186 2602 319 2649 dicta
341 2611 430 2646 tua
450 2600 661 2660 epistola
677 2597 944 2643 adveniret.
1014 2598 1054 2643 E
1086 2598 1231 2642 rebus
1254 2596 1470 2658 patriam
1489 2609 1657 2639 meam
1685 2592 2052 2654 spectantibUS,
2085 2589 2209 2648 hoc,
2244 2585 2321 2632 mi

186 2691 465 2749 carissime,
518 2699 799 2734 memoratu
840 2688 1076 2750 dignum,
1115 2676 1248 2748 quod
1280 2698 1397 2734 ante
1419 2688 1508 2732 hos
1545 2700 1629 2730 sex
1658 2698 1853 2730 menses
1881 2680 2036 2742 pestis
2066 2677 2198 2739 apud
2227 2692 2320 2722 nos

186 2785 338 2845 plane
369 2780 577 2833 cessavit
606 2789 872 2841 postquam
900 2793 988 2838 per
1024 2778 1144 2825 duos
1169 2793 1325 2825 annos
1358 2788 1406 2823 et
1428 2775 1701 2823 dimidium
1727 2773 2001 2819 duraverat.
2071 2769 2322 2829 Tempore

156 2923 164 2930 s
188 2873 375 2920 aestivo
403 2871 630 2934 proxime
657 2868 925 2930 praeterito
953 2869 1115 2915 fervor
1149 2879 1346 2928 praeter
1369 2867 1579 2912 solitum
1608 2866 1788 2927 ingens
1815 2861 1999 2908 incidit
2025 2869 2174 2905 vento
2196 2873 2323 2905 sam·

190 2979 337 3010 mum
361 2963 662 3010 vehemente
691 2975 808 3006 cum
831 2969 982 3015 aestu„
994 2959 1082 3005 diu
1109 2959 1240 3021 apud
1265 2973 1353 3005 nos
1385 2959 1558 3016 flante,
1597 2966 1647 3002 et
1671 2953 1844 3019 pluvia
1867 2950 2151 3012 deficiente,
2187 2949 2324 2997 unde

1230 3062 1257 3107 3
