2635 3413
927 268 1071 289 νων
1141 260 1169 307 3
1179 263 1198 296 1
1272 267 1362 287 §s
1369 269 1414 286 s-

104 384 339 446 comperi.
400 381 845 429 Attamenmultis
864 380 1112 438 mandavi,
1150 390 1222 438 ut,
1260 380 1301 426 si
1325 379 1612 426 invenerint
1635 383 2235 444 ‹sanctumEvangeliunu

68 520 69 523 ,
102 491 184 521 me
203 475 465 530 edoceant,
503 481 562 516 ut
589 485 769 518 ernam·
838 469 944 517 Diu
975 470 1130 515 etiam
1158 479 1255 528 est,
1289 469 1565 529 mifrater,
1603 471 1734 529 quod
1761 486 1844 516 me
1868 487 1971 517 non
2004 472 2233 518 visitasti.

101 567 239 611 Deus
258 564 314 609 O.
330 563 401 608 M.
419 572 471 607 te
492 569 735 622 protegat.
962 598 964 600 ,
1003 560 1170 605 Frater
1206 569 1324 605 tuus
1360 559 1644 605 Michaei
1672 560 1987 622 Sabbagh.·

1117 741 1224 785 VII.

368 874 538 921 Fratri
572 872 904 929 amatissimo,
943 870 1060 919 N.'.
1099 907 1111 919 .
1157 887 1292 931 quem
1330 873 1457 918 Deus
1492 880 1767 919 conservet!

236 1009 740 1063 Post*(declaratum)
779 1007 1089 1053 desiderium
1105 1018 1156 1052 te
1179 1006 1409 1065 videndi,
1446 1005 1613 1051 indico
1639 1006 1757 1065 tibi,
1795 1005 2012 1051 crastino
2034 1007 2113 1053 die
2137 1024 2235 1052 ma-

102 1117 168 1148 ne
197 1102 257 1146 ad
280 1097 335 1145 >te
360 1108 635 1144 venturum
661 1113 771 1142 ‘esse
812 1096 1078 1142 dominum
1115 1099 1374 1154 nostrum,
1421 1094 1667 1154 Achmed,
1709 1097 2039 1156 praefectum,
2084 1113 2236 1156 quem

104 1189 399 1248 comitabor,
438 1197 488 1231 et
510 1187 633 1230 hora
653 1186 859 1246 quidem
891 1189 1029 1231 nona
1047 1195 1097 1230 et
1127 1185 1352 1230 dimidia.
1422 1186 1534 1244 Ipse
1557 1200 1638 1228 me
1657 1185 1879 1243 edocuit,
1914 1195 1973 1229 ut
1989 1186 2084 1231 tibi
2104 1198 2236 1247 pate-

101 1282 332 1327 facerem.
401 1278 556 1337 Perge
591 1277 767 1320 valere.
1048 1276 1217 1319 Frater
1251 1276 1370 1318 ttius
1422 1273 1706 1319 Michael
1744 1271 2036 1336 Sab'bagh.

238 1366 336 1413 Die
380 1364 599 1410 Saturni.

1098 1521 1231 1566 VIII.

200 1661 203 1664 '
253 1653 280 1676 ⁸
305 1657 518 1704 Salutem
559 1654 698 1712 dico,
745 1656 891 1715 quae,
940 1653 1026 1700 ubi
1061 1652 1357 1707 admavit,¹
1383 1653 1447 1700 sit
1495 1654 1796 1713 margarita,
1843 1667 1905 1712 qe
1941 1663 2148 1700 mutetur
2182 1656 2231 1700 in

359 1741 680 1805 hyacinthum
717 1745 766 1790 in
800 1745 1018 1790 manibus
1053 1743 1171 1805 ejuS,
1208 1758 1352 1804 penes
1391 1759 1526 1803 quem
1561 1744 1747 1789 animus
1782 1759 1909 1789 meus
1942 1753 2033 1800 est,
2081 1744 2231 1806 cujus-

369 1850 461 1894 que
495 1835 931 1880 habitaculumrest
967 1836 1214 1879 oculorum
1248 1847 1456 1879 meorum
1502 1835 1731 1892 nigredo,
1778 1835 1984 1879 salutem
2016 1835 2233 1897 salutife-

365 1939 498 1979 ram3
543 1939 723 1979 manna
765 1928 908 1980 (130)
951 1923 1160 1984 Zephyri
1206 1923 1461 1980 leniorem,
1504 1933 1626 1968 rosa
1655 1923 1706 1968 in
1749 1923 1903 1968 hortis
1937 1923 2231 1985 suaviorem„

370 2014 635 2058 dulciorem
687 2014 899 2058 sanitate
943 2012 1146 2072 corpori
1181 2022 1411 2071 aegroto,
1459 2013 1503 2058 ei
1538 2013 1721 2072 (dico),
1759 2013 1840 2072 qui
1882 2013 2020 2057 oculo
2058 2022 2128 2058 est
2162 2015 2228 2059 lu-

369 2118 475 2148 men
519 2103 746 2167 cordique
777 2103 1008 2159 gaudium
1044 2111 1090 2147 et
1124 2104 1377 2163 voluptas,
1415 2102 1588 2164 fratri
1621 2117 1724 2147 meo
1761 2111 1805 2147 et
1842 2103 1999 2147 amico
2035 2103 2097 2148 N.
2138 2138 2147 2148 .
2190 2140 2199 2148 .

366 2207 501 2251 quem
537 2194 666 2237 Deus
697 2194 749 2237 Ο.
788 2192 861 2236 Μ.
898 2200 1171 2237 conservet!

238 2351 509 2410 Postquam
536 2347 858 2409 exposuimus
879 2348 1230 2393 multitudinis
1252 2349 1507 2409 desiderii,
1522 2384 1530 2401 ψ,
1550 2363 1876 2409 summaeque
1895 2347 2228 2393 abundantiae

104 2439 360 2500 cupidinis
387 2454 731 2501 progressum,
769 2439 858 2498 qui
883 2453 1048 2497 neque¹
1074 2440 1346 2500 complecti
1371 2449 1538 2500 potest
1574 2443 1711 2498 (115)
1748 2439 1986 2482 foliorum
2014 2438 2235 2497 ambitug'

103 2544 267 2588 neque
297 2529 441 2591 tangi
473 2529 736 2577 oculorum
767 2529 894 2587 acie,
930 2529 1135 2574 videndi
1163 2532 1332 2575 lucem
1357 2529 1507 2574 faciei
1535 2539 1650 2573 tuae
1685 2528 2045 2586 desiderabilis,
2082 2543 2232 2587 quam

103 2629 444 2666 creaturarum
478 2619 712 2664 dominus
740 2634 1005 2677 nunquam
1032 2634 1135 2663 non
1160 2629 1389 2680 protegat
1398 2636 1413 2678 3
1484 2619 1526 2662 si
1556 2618 1615 2662 de
1639 2618 1927 2662 valetudine
1952 2632 2062 2660 mea
2081 2617 2232 2661 inter-

102 2708 370 2771 rogaveris:
441 2723 530 2768 pro
570 2708 909 2752 misericordia
944 2709 1043 2753 Dei
1089 2709 1358 2753 celsissimi
1393 2711 1532 2766 (131)
1571 2718 1621 2751 et
1659 2722 1775 2751 cura
1816 2717 1925 2766 tua,
1972 2706 2240 2764 debemus,-

104 2798 237 2858 quod
270 2799 516 2856 valemus,
555 2808 605 2843 et
643 2797 817 2858 cupidi
853 2813 1050 2858 sumus,
1087 2809 1136 2843 te
1165 2786 1347 2844 videre.
1417 2797 1562 2841 Nihil
1590 2807 1758 2842 autem
1794 2797 1935 2841 nobis
1960 2796 2231 2840 molestum

48 2926 54 2932 x
105 2897 200 2946 est,-
237 2887 340 2938 nisi
360 2888 619 2948 seperatim
689 2890 954 2933 Caeterum
983 2903 1281 2949 responsum
1299 2897 1476 2944 tuum,
1514 2886 1688 2931 datum
1719 2887 1802 2931 die
1833 2885 2078 2948 vigesimo
2104 2896 2231 2931 octa-

107 2991 166 3021 vo
190 2974 494 3039 Septembris
518 2977 664 3024 nobis
689 2978 942 3038 perlatum
970 2988 1070 3039 est,
1110 2979 1317 3038 ejusque
1343 2990 1596 3021 summam
1631 2975 1981 3038 cognovimus,
2016 2975 2232 3021 laudavi-
