2635 3413
1118 392 1180 436 II.

91 458 283 530 Servus
302 493 421 528 tuus
448 483 506 528 N.
546 498 571 526 e
601 493 750 544 gente
768 483 826 526 N.
849 499 858 525 z
929 482 969 525 E
991 481 1171 541 primis
1199 478 1556 525 mercatoribus
1581 492 1742 537 eram,
1777 493 1895 522 cum
1921 477 2221 537 Respublica

95 573 481 635 Franco-gallica
515 576 802 632 Aegyptum
840 570 1117 629 invaderet,
1165 580 1224 614 ut
1257 568 1588 614 mercimonia
1625 570 1757 631 (134)
1792 583 1904 612 mea
1936 568 2221 629 agminibus

94 663 471 724 transportanda
496 671 855 719 mercatorum,
892 660 1100 705 nomine
1130 670 1181 704 et
1203 659 1420 704 fortunis
1444 672 1759 702 summorum
1778 657 1957 717 instar,
1993 658 2223 702 commit-

95 764 266 799 terem.
343 755 510 812 Atque
553 768 671 797 cum
708 751 979 810 imperator
1014 750 1208 809 Syriam
1243 759 1411 809 petere
1441 748 1804 806 constituisset,
1840 748 2009 792 silium
2043 748 2223 791 sororis

94 857 233 887 meae
257 842 542 887 ministerio
562 856 651 885 suo
681 840 965 899 assumpsit,
999 849 1055 882 ut
1071 854 1131 882 ex
1151 854 1207 882 eo
1231 838 1290 883 de
1311 838 1449 897 Syria
1474 848 1808 898 cognosceret.
1848 839 2221 898 Occupantibus

95 932 230 976 vobis
254 933 448 992 Joppen
481 932 672 976 multae
701 929 834 987 mihi
866 939 1006 973 erant
1034 928 1321 986 facultates,
1360 942 1480 987 quas
1501 927 1745 972 Muslemi
1772 938 1975 988 propter
2000 938 2225 973 nostram

96 1022 386 1081 praestitam
418 1020 711 1081 imperatori
740 1034 941 1078 operam
969 1017 1274 1077 diripiendas
1310 1017 1498 1061 dedere.
1613 1018 1842 1075 Itemque
1878 1027 1990 1077 post
2020 1018 2225 1063 Franco·

97 1111 347 1172 gallorum
389 1110 697 1156 Ptolemaide
752 1109 997 1167 reditum,
1032 1108 1187 1165 bona,
1225 1122 1351 1165 quae
1395 1106 1529 1150 mihi
1572 1106 1628 1150 in
1671 1106 1811 1165 Syria
1855 1118 2018 1167 erant,
2055 1108 2226 1152 omnia

99 1200 345 1245 Muslemi
373 1200 673 1260 spoliarunt,
712 1198 935 1257 duosque
956 1198 1157 1255 fratreS,
1196 1196 1251 1240 in
1279 1196 1370 1241 illa
1397 1196 1602 1257 regione
1627 1196 1913 1242 habitantes
1950 1200 2113 1258 (135),
2151 1213 2227 1242 oc·

99 1290 354 1348 ciderunt,
425 1288 752 1346 eamdemque
805 1288 864 1331 ob
909 1302 1109 1331 causam
1152 1300 1264 1329 mea
1307 1301 1447 1329 nunc
1483 1285 1679 1329 familia
1723 1287 1904 1331 cervici
1939 1302 2079 1330 meae
2134 1288 2226 1331 im-

100 1380 262 1441 posita
281 1389 368 1424 est.
437 1378 629 1422 Praelio
648 1391 762 1421 vero
791 1377 916 1421 duce
934 1376 1168 1433 KleberO,
1206 1390 1358 1434 quem
1375 1375 1512 1418 Deus
1539 1375 1669 1433 beet,
1706 1376 1999 1434 commisso,
2036 1377 2229 1420 Islami-

100 1479 180 1515 tae
199 1483 372 1513 omnes
392 1476 584 1511 nostras
606 1466 782 1510 domus
808 1476 858 1510 et
876 1465 1066 1509 reditus
1087 1474 1350 1524 ceperunt,
1388 1468 1579 1523 nosque
1609 1465 1736 1509 nudi
1758 1466 2047 1527 effugimus,
2083 1467 2229 1512 Fran·

38 1622 41 1623 ⁷
102 1555 286 1620 cogalli
301 1558 595 1619 ‘Aegyptum
613 1555 1020 1615 relinquentibus
1050 1569 1141 1616 ego
1173 1554 1348 1620 itaque
1364 1569 1482 1598 cum
1508 1554 1632 1614 ipsis
1651 1555 1900 1600 discedere
1921 1566 2117 1601 coactus
2137 1557 2229 1615 fui,

100 1647 289 1693 timens
317 1646 377 1692 de
409 1646 658 1708 sanguine
677 1660 812 1703 meo,
847 1655 897 1690 et
912 1643 1194 1689 Massiliam
1212 1643 1331 1689 veni
1355 1659 1540 1689 vacuus
1569 1654 1619 1689 et
1646 1645 1783 1689 nihil
1813 1646 1998 1690 habens
2034 1647 2112 1703 (de
2133 1663 2229 1707 quo

103 1736 355 1793 viverem).
423 1737 633 1797 Propter
661 1734 831 1779 officia
858 1749 970 1778 mea
997 1744 1143 1779 antea
1160 1734 1414 1793 praestita,
1443 1733 1772 1794 Reipublicae
1800 1735 2230 1798 Franco-gallicae

104 1827 338 1888 princeps
370 1842 451 1872 me
483 1826 689 1886 quidem
715 1824 908 1881 adjuvit
937 1834 987 1868 et
1012 1824 1265 1868 auxilium
1288 1823 1423 1868 mihi
1444 1824 1590 1881 tulit,
1635 1834 1694 1868 ut
1717 1825 1925 1884 reliquis
1946 1828 2231 1889 Aegyptiis,

106 1915 477 1978 quinquaginta
507 1915 702 1960 scilicet
723 1915 926 1977 singulo
953 1914 1034 1958 die
1052 1913 1244 1959 Solidos
1273 1914 1407 1957 mihi
1431 1914 1779 1974 suppeditans,
1818 1915 2077 1975 tribusque
2107 1917 2233 1962 meis

106 2007 306 2053 filiabus
344 2020 560 2065 quarum
595 2004 814 2048 minima
849 2003 987 2062 (136)
1026 2013 1261 2048 octavum
1294 2003 1462 2065 exegit
1504 2018 1724 2062 annum,
1782 2005 1971 2067 viginti
2009 2007 2233 2067 quinque

109 2096 387 2156 unicuique
420 2094 602 2139 solidos
631 2094 833 2154 singulo
865 2093 945 2138 die
957 2110 971 2151 3
1042 2103 1101 2137 tu
1138 2108 1252 2137 vero
1288 2093 1688 2163 fortunatissime
1713 2094 1850 2139 haud
1874 2096 2073 2157 ignoras
2100 2100 2236 2144 auxi-

111 2187 243 2232 lium
280 2185 411 2231 illud
447 2201 511 2230 ne
544 2194 747 2243 quartae
772 2183 978 2242 quidem
1000 2183 1361 2227 necessitatum
1398 2194 1682 2228 nostrarum
1709 2184 1841 2242 parti
1867 2186 2117 2246 sufficere,
2155 2189 2234 2234 his

110 2276 403 2336 praesertim
431 2275 487 2319 in
517 2275 683 2331 terris,
720 2273 809 2317 ubi
841 2273 1003 2316 victus
1034 2272 1176 2317 valde
1204 2283 1324 2317 sunt
1350 2273 1475 2331 cari,
1513 2273 1792 2332 deindeque
1816 2275 2098 2321 fortunatae
2119 2288 2235 2325 tuae

109 2380 348 2427 personae
373 2374 556 2408 notum
579 2374 675 2422 est,
708 2362 900 2407 similes
927 2361 1029 2430 mei
1051 2362 1215 2407 vivere
1234 2377 1338 2407 non
1357 2378 1500 2423 posse
1519 2363 1578 2407 ad
1602 2364 1761 2408 instar
1785 2366 2065 2425 pauperum
2085 2393 2153 2401 —
2170 2393 2236 2402 —

111 2454 205 2501 tali
240 2455 341 2499 vita
368 2468 500 2498 mors
535 2463 610 2498 est
646 2451 1002 2513 praestantior!
1075 2452 1418 2497 Celsissimam
1455 2453 1849 2498 misericordiam
1891 2454 2129 2517 imploro,
2179 2470 2238 2505 ut

112 2555 317 2591 tanturn
338 2553 588 2604 quantum
607 2542 738 2588 mihi
757 2542 985 2602 meisque
1005 2541 1250 2601 sufficiat,
1289 2542 1423 2587 mihi
1441 2542 1741 2603 suppedites.
1779 2554 1869 2590 etc.
