2635 3413
1112 232 1253 251 sss.
1325 222 1387 269 30
1455 228 1596 250 §nv

1292 326 1298 332 “
1319 342 1400 388 IV.

579 456 699 500 Viro
747 453 1063 512 sagacissimo
1100 453 1269 508 (128),
1306 440 1706 506 honoratissimo,
1733 449 1903 512 fratri
1936 458 1982 496 et
2016 451 2174 496 amico
2211 450 2273 496 N.
2314 483 2324 495 .
2363 483 2373 496 .
2413 479 2424 493 .

706 559 837 601 quem
875 544 999 586 Deus
1045 548 1316 586 conservet!

446 676 559 720 Post
599 675 944 730 (declaratum)
983 673 1287 718 desiderium
1320 682 1369 717 te
1394 670 1619 728 videndi,
1663 669 1976 714 amatissimo
2003 670 2095 714 tibi
2127 671 2315 732 aperio,
2352 685 2433 716 me

316 779 553 824 sperasse,
591 764 694 808 fore
716 774 769 807 ut
805 764 896 807 hac
920 761 1228 807 hebdomade
1257 777 1338 805 me
1358 759 1640 822 praesentia
1666 769 1754 803 tua
1781 758 2095 817 nobilitates,
2131 760 2215 804 sed
2236 770 2339 807 non
2359 775 2436 805 ve-

319 854 465 906 nisti,
514 867 817 911 quamquam
849 851 984 896 haud
1027 851 1253 912 ignoras,
1310 849 1453 894 valde
1484 849 1616 893 mihi
1656 847 1995 892 necessarium
2036 863 2140 893 esse
2177 858 2228 893 te
2259 830 2452 896 videres

321 943 410 985 Pro
431 953 515 985 tua
532 941 848 1002 benignitate
865 941 1126 1000 pollicitus
1152 936 1225 998 es,
1262 938 1450 984 Ham-ii
1481 941 1736 982 consesSus
1762 937 1997 995 vendere,
2034 930 2359 997 eamdemque
2378 937 2438 982 ob

322 1044 423 1073 rem
446 1029 538 1073 hoc
558 1030 614 1072 ab
636 1043 800 1073 amore
823 1041 910 1074 tuo
934 1039 1134 1088 expeto,
1171 1039 1229 1073 ut
1251 1044 1341 1088 per
1356 1012 1498 1086 eum,
1536 1026 1624 1086 qui
1648 1025 1737 1070 has
1756 1025 1851 1069 tibi
1879 1025 2073 1089 litteras
2089 1025 2297 1087 perfert,
2334 1040 2438 1086 me,

322 1118 440 1176 quid
468 1118 654 1180 egeris,
692 1119 953 1164 certiorem
974 1118 1137 1163 facias.
1206 1119 1380 1163 Valere
1399 1131 1564 1178 perge.
1633 1115 1731 1160 Die
1766 1114 1892 1159 Solis
1928 1112 2090 1160 mane.
2215 1105 2219 1108 ’

1459 1206 1626 1251 Frater
1659 1214 1778 1250 tuus
1820 1190 2099 1250 Michael
2139 1186 2437 1268 Sabbagh'.

1349 1365 1405 1408 V.

523 1474 692 1518 Fratri
725 1489 854 1532 meo,
894 1474 1080 1531 amico,
1119 1474 1326 1520 Domino
1361 1474 1427 1518 N.
1460 1473 1523 1518 N.
1562 1507 1573 1518 .
1633 1486 1772 1536 quem
1805 1473 1933 1517 Deus
1970 1474 2023 1517 Ο.
2060 1472 2133 1517 Μ
2165 1472 2446 1518 conservet!

467 1607 579 1651 Post
619 1608 964 1665 (declaratum)
1002 1608 1305 1654 desiderium
1324 1618 1373 1652 te
1393 1605 1619 1663 ridendi,
1656 1605 1712 1650 in
1739 1605 2035 1653 memoriam
2052 1605 2149 1655 tibi
2166 1620 2361 1665 revoco,
2397 1618 2448 1652 te

331 1695 620 1752 promisisse
648 1712 728 1740 me
759 1697 914 1742 visere
946 1698 1026 1743 die
1049 1699 1247 1754 Lunae3
1317 1706 1367 1741 te
1396 1695 1698 1754 exspectavi,
1736 1709 1826 1739 nec
1849 1704 2020 1739 tamen
2041 1694 2240 1740 venisti.
2311 1696 2450 1741 Prae-

337 1783 473 1826 teriit
510 1784 611 1828 dies
649 1785 821 1830 Lunae
859 1787 1084 1845 itemque
1110 1787 1314 1843 Martis,
1351 1800 1442 1829 nec
1469 1783 1676 1841 venisti,
1713 1783 1845 1842 quod
1875 1783 2015 1828 valde
2044 1783 2211 1828 miror.
2280 1785 2452 1844 Itaque

335 1872 392 1915 ab
417 1887 580 1916 amore
608 1884 695 1916 tuo
726 1886 926 1934 expeto,
964 1885 1020 1919 ut
1039 1875 1131 1919 hoc
1156 1875 1262 1934 ipso
1285 1875 1364 1918 die
1393 1873 1584 1932 vesperi
1615 1888 1694 1916 me
1712 1872 1971 1930 nobilites‚
2007 1887 2099 1916 nec
2120 1862 2296 1917 ullum'
2310 1873 2455 1919 datur

339 1961 609 2021 effugium,
647 1977 763 2006 nam
792 1973 841 2007 te
867 1963 1006 2008 valde
1036 1963 1175 2007 valde
1202 1978 1325 2023 opus
1345 1963 1513 2007 habeo,
1622 1963 1763 2006 Certe
1800 1961 1976 2024 igitur,
2049 1964 2200 2006 certe!
2301 1958 2485 2025 Perge,

342 2050 512 2094 valere.
582 2051 678 2096 Dio
714 2052 953 2097 Mercurii
1002 2067 1161 2096 mane.
1443 2052 1608 2095 Frater
1650 2061 1766 2094 tuus
1837 2050 2113 2097 Michaffl
2161 2050 2452 2113 Sabbagh.

1366 2232 1445 2274 VI.

482 2341 651 2387 Fratri
683 2356 783 2388 meo
821 2344 1070 2389 carissimo
1131 2341 1404 2398 Chawagoe
1441 2339 1502 2383 N.
1541 2372 1550 2381 .
1591 2373 1600 2383 .
1638 2322 1773 2397 queni
1809 2341 1938 2384 Deus
1975 2341 2029 2384 O.
2063 2340 2135 2384 Μ.
2162 2321 2444 2412 protegat(

479 2475 594 2520 Post
629 2475 973 2531 (declaratum)
1011 2491 1184 2520 meum
1209 2474 1287 2519 tui
1314 2472 1618 2518 deside-rium
1643 2482 1692 2516 te
1721 2487 1926 2530 moneo,
1964 2472 2128 2532 quoad
2148 2471 2324 2517 Bibliis
2354 2472 2462 2533 qui-

352 2564 440 2606 bus
465 2565 588 2609 liber
604 2565 711 2609 Jobi
730 2565 882 2624 inest,
919 2580 975 2610 ea
998 2576 1045 2609 te
1068 2544 1357 2624 saepissime
1382 2562 1585 2621 quidem
1607 2561 1738 2606 mihi
1753 2562 2065 2622 promisisse,
2101 2561 2187 2606 sed
2203 2562 2462 2621 hucusque

352 2652 577 2696 nondum
606 2653 665 2698 ad
697 2669 786 2699 nos
811 2654 1107 2714 pervenisse.
1191 2651 1333 2712 Quod
1361 2649 1420 2693 ad
1457 2653 1596 2710 (129)
1632 2650 1808 2708 libros,
1861 2665 1982 2710 quos
2019 2641 2205 2712 viginti
2237 2642 2463 2708 quinque

354 2739 653 2787 Francorum
675 2744 834 2804 pretio
853 2759 879 2788 a
901 2755 953 2789 te
977 2742 1078 2788 emi
1104 2755 1210 2797 eos,
1231 2740 1289 2783 'si
1312 2753 1467 2797 usque
1499 2739 1559 2783 ad
1578 2739 1728 2794 hujus
1751 2739 1946 2786 mensis
1959 2738 2154 2784 eicitum
2184 2746 2465 2797 exspectare

358 2827 455 2884 vis,
492 2845 579 2889 per
606 2831 867 2876 hominem
901 2833 1032 2878 ha'nc
1061 2829 1326 2891 epistolam
1351 2827 1709 2887 perferentem,
1745 2827 1909 2876 mitte.
1968 2826 2221 2871 Sanctum
2247 2826 2467 2887 Evange-

363 2916 492 2962 lium
529 2919 743 2978 denique
770 2921 920 2979 illud,
959 2921 1016 2966 de
1043 2934 1140 2979 quo
1168 2918 1261 2963 tibi
1293 2917 1508 2973 narravi,
1554 2931 1581 2959 a
1618 2927 1894 2976 possessore
1923 2916 2022 2971 jam
2060 2913 2339 2959 venditum
2364 2927 2468 2958 esse
