2635 3413
1057 251 1201 271 m
1270 244 1300 279 2
1370 251 1513 270 m

215 373 327 431 jura
349 385 438 417 sua
456 367 515 413 de
550 371 622 431 (7)
658 382 783 413 nave
800 365 1032 429 Tergesti
1057 365 1118 410 iis
1145 373 1338 425 erepta,
1375 364 1509 425 apud
1530 379 1792 411 summum
1808 365 2168 428 Magistratum
2187 363 2350 412 vindi-

217 459 392 507 caturi.
462 460 529 503 Ac
551 472 640 518 pro
659 467 792 502 certo
810 456 968 500 habeo
1004 459 1101 512 (8),
1138 453 1252 498 illos
1274 469 1302 498 a
1318 468 1399 497 me
1420 452 1646 512 aliquam
1663 455 1760 499 isto
1785 455 1969 500 itinere
1995 465 2226 516 capturos
2245 470 2351 501 esse

221 551 524 606 utilitatem,
561 546 825 606 siquidem
848 544 1099 590 Dominus
1128 558 1210 587 me
1245 542 1469 600 adjuvat,
1507 557 1606 601 quo
1644 542 1952 603 adspirante,
1987 555 2101 604 post
2117 556 2215 590 tres
2235 560 2375 606 qua·-

217 653 393 688 tuorve
415 652 628 694 menseS,
668 636 895 680 confecto
931 633 1134 694 negotio
1162 631 1321 676 nostri
1341 632 1464 690 Bey,
1501 631 1613 675 dico
1643 632 1843 676 Sultani
1868 633 2147 693 Tunensis,
2184 636 2350 693 (cujus

218 730 431 794 gloriam
458 729 593 772 Deus
620 726 902 785 perpetuet)
939 722 1122 768 redibo.
1193 719 1322 767 Nani
1350 721 1540 765 amicus
1568 736 1711 766 meus
1749 721 1838 781 qui
1872 721 1956 765 hic
1988 734 2350 784 commoratur,

218 817 679 867 Muhammedanus
710 815 860 875 alhag
881 813 937 857 N.
955 812 1013 856 N.
1059 812 1120 856 ad
1151 810 1369 856 curanda
1386 811 1623 871 praefecti
1650 811 1809 856 nostri
1828 811 2031 872 negotia
2051 813 2354 874 Tergestum

219 917 487 957 accesserat
512 906 669 950 tribus
702 918 820 948 cum
845 901 1053 946 navibus
1075 900 1525 945 mercimoniorum
1549 899 1896 959 Tunensium,
1933 916 2064 960 quae
2092 902 2353 962 venderet,

222 1011 541 1061 quorumque
565 993 788 1053 pretium
813 991 1128 1051 impenderet
1143 990 1374 1035 ‘emendis
1397 991 1540 1034 rebus
1565 990 1772 1034 navibus
1793 991 2085 1036 necessariis
2123 995 2195 1054 (9)
2243 1007 2285 1038 e.
2304 1007 2351 1054 g.

219 1090 366 1145 velis,
401 1086 630 1141 funibus,
669 1082 924 1139 anchoris,
961 1080 1116 1142 lignis
1144 1090 1194 1124 et
1218 1080 1440 1124 trabibus
1469 1079 1529 1124 ad
1559 1095 1707 1123 naves
1735 1080 2091 1141 aedificandas,
2126 1085 2354 1143 quaeque

219 1180 299 1225 his
330 1176 515 1221 similia
544 1183 679 1218 sunt.
750 1172 845 1216 Sed
875 1171 1174 1230 eripuerunt
1200 1170 1247 1214 ei
1277 1185 1456 1215 navem
1486 1185 1643 1214 unam
1672 1170 1917 1232 Tergesti.
1970 1171 2218 1217 Profectio
2246 1172 2355 1233 qui-

221 1270 335 1315 dem
366 1276 534 1312 nostra
563 1262 658 1307 erit
684 1261 765 1306 die
786 1262 912 1306 Solis
945 1276 1108 1305 mane.
1182 1261 1395 1305 Dictum
1417 1271 1567 1304 tuum
1593 1270 1765 1304 autem
1789 1260 1923 1319 quod
1958 1261 2164 1320 attinet,
2199 1272 2252 1307 te
2274 1262 2354 1307 de-

220 1359 349 1404 disse
368 1357 526 1402 solam
546 1363 802 1398 vecturam
822 1351 1017 1412 publici
1045 1365 1219 1395 cursus
1257 1353 1365 1411 (pro
1391 1350 1518 1395 libro
1543 1350 1639 1395 tibi
1669 1350 1844 1404 misso)
1881 1352 1985 1406 (10)
2023 1351 2355 1415 quadraginta

218 1459 413 1509 septem
430 1447 648 1501 francos,
684 1442 827 1487 foeda
849 1457 992 1500 sane,
1029 1441 1101 1485 mi
1121 1441 1307 1499 amice,
1344 1455 1417 1484 res
1445 1450 1533 1484 est.
1602 1440 1731 1485 Nam
1750 1455 1869 1484 cum
1888 1441 2077 1485 librum
2096 1441 2157 1486 ad
2179 1457 2354 1486 cursus

217 1537 411 1600 publici
433 1534 741 1596 praepositos
774 1532 1083 1588 attulissem,
1121 1529 1479 1592 interroganti,
1516 1539 1768 1589 quantum
1798 1529 2040 1574 mercedis
2058 1530 2355 1590 postulent?

221 1626 611 1689 responderunt,
650 1639 676 1666 a
699 1623 871 1667 decem
902 1636 1061 1681 usque
1091 1621 1151 1665 ad
1179 1619 1445 1665 duodecim
1466 1620 1676 1665 francos,
1713 1619 1972 1680 Quomodo
2004 1634 2121 1681 ergo
2151 1619 2354 1680 quadra-

220 1720 365 1783 ginta
394 1726 587 1776 septem
608 1714 921 1758 sumserunt!
994 1710 1129 1755 Dein
1157 1709 1230 1753 mi
1250 1709 1426 1768 frater,
1463 1709 1596 1768 quod
1620 1709 1830 1771 rogasti,
1869 1720 1928 1754 ut
1954 1710 2048 1754 tibi
2078 1710 2354 1755 describam

219 1807 471 1863 historias,
509 1819 628 1864 quas
648 1801 937 1865 designasti,
956 1800 1087 1844 bono
1108 1800 1174 1844 sis
1194 1799 1380 1856 anim0,
1417 1798 1648 1857 protinus
1673 1815 1726 1844 ac
1748 1815 2019 1859 pervenero
2037 1801 2354 1861 Tergestum,
2403 1851 2406 1853 ‚

207 1877 319 1945 Vtibi
341 1912 419 1942 eas
448 1895 736 1940 describam.
808 1892 889 1936 Tu
919 1890 1091 1947 mod0,
1129 1888 1278 1932 mitte
1300 1887 1365 1932 sis
1395 1888 1766 1950 quinquaginta
1787 1889 1982 1933 francos
2002 1887 2063 1932 ad
2079 1887 2359 1935 amicorum

220 2000 428 2034 tuorum
448 1985 671 2044 aliquem
690 1985 809 2038 (11),
847 1995 969 2040 quos
1001 1978 1199 2038 quando
1225 1978 1335 2022 illas
1362 1966 1707 2038 descripserim
1729 1989 1778 2022 et
1799 1977 1883 2022 eui
1904 1977 2120 2023 volueris
2146 1979 2358 2025 tradide-

194 2079 321 2124 'rim
357 2079 486 2133 (12),
549 2073 682 2118 mihi
716 2071 918 2128 reddat3
988 2069 1138 2128 idque
1172 2068 1430 2112 beneficiis
1476 2068 1532 2113 in
1578 2084 1660 2113 me
1718 2069 1819 2112 tuis
1856 2083 1945 2127 pro
1984 2068 2359 2128 complemento

224 2166 451 2226 adjicias,
487 2174 547 2208 ut
583 2165 686 2220 (13)
722 2161 945 2219 litterae,
981 2174 1101 2219 quas
1139 2158 1199 2202 ad
1229 2173 1310 2202 me
1335 2158 1549 2217 dederis,
1587 2158 1843 2202 immunes
1865 2157 1970 2202 sint
1996 2156 2215 2202 vehendi
2234 2172 2363 2203 mer·

224 2258 367 2316 cede,
405 2251 834 2316 quemadmodum
857 2251 959 2295 huc
978 2263 1138 2309 usque
1159 2249 1319 2293 facere
1354 2248 1533 2292 solitus
1554 2263 1619 2293 es,
1690 2249 1767 2293 De
1785 2247 1912 2292 libro
1930 2248 1992 2292 Al
2009 2244 2246 2305 Makrisi,
2279 2245 2361 2292 be-

223 2347 381 2411 nigne
406 2359 609 2390 mecum
629 2357 742 2405 agas
764 2341 960 2399 amabo,
998 2339 1182 2384 amicos
1211 2348 1324 2383 tuos
1355 2347 1639 2397 exspectare
1657 2337 1889 2396 hortans,
1927 2336 2083 2381 donec
2100 2335 2363 2382 Lutetiam
2427 2353 2431 2356 ’

224 2436 486 2494 redierim,
523 2433 634 2491 ubi,
672 2433 715 2478 si
737 2432 860 2492 quid
879 2429 1162 2492 cupierint,
1199 2427 1537 2488 descripturus
1556 2442 1684 2472 sum.
1728 2428 1866 2488 Quae
1895 2436 2069 2472 extant
2089 2435 2178 2471 tua
2199 2424 2261 2471 de
2278 2439 2362 2471 me

228 2527 432 2584 merita,
469 2523 559 2586 pro
587 2523 658 2568 eis
690 2536 1012 2582 summopere
1039 2528 1220 2581 augeat
1247 2519 1384 2563 Deus
1419 2517 1719 2562 felicitatem
1759 2527 1916 2564 tuam.
1986 2514 2238 2576 Equidem
2271 2528 2363 2575 per

225 2615 456 2661 numinis
485 2615 824 2671 majestatem,
861 2626 1014 2671 quam
1033 2608 1124 2654 diu
1139 2608 1241 2653 vita
1261 2607 1438 2652 frueris
1465 2623 1732 2667 nunquam
1746 2608 1827 2652 tui
1846 2607 2118 2651 immemor
2134 2616 2233 2649 ero·
2267 2603 2361 2649 Re-

227 2716 404 2767 spectu
430 2703 679 2748 mercium
703 2689 958 2761 mearum,
995 2713 1122 2761 quae
1136 2713 1290 2759 penes
1319 2707 1371 2742 te
1397 2708 1540 2758 sunt,
1578 2712 1634 2742 eo
1653 2697 1787 2757 quod
1807 2694 2054 2756 scripsisti
2071 2701 2361 2754 permutan·
2388 2708 2392 2710 ·

230 2794 429 2853 darum,
481 2792 726 2852 quidquid
756 2790 1006 2852 placuerit
1025 2787 1228 2833 mittere
1247 2798 1388 2848 potes
1416 2788 1477 2833 ad
1502 2788 1669 2832 virum
1703 2786 1837 2831 mihi
1861 2783 2232 2830 amicissimum
2254 2783 2361 2828 Ben

231 2884 418 2943 Susan,
453 2881 729 2927 oriundum
754 2896 813 2925 ex
844 2881 1018 2926 eadem
1035 2893 1239 2923 mecum
1260 2878 1434 2938 patria,
1470 2879 1692 2923 sodalem
1709 2875 1852 2940 valde
1871 2874 2051 2930 fidum,
2085 2872 2361 2918 hominum

229 2987 417 3019 merces
439 2970 556 3017 fidei
574 2985 692 3016 suae
708 2971 996 3016 commissas
1012 2968 1374 3016 venditantem.
1444 2969 1600 3026 Cujus
1619 2977 1670 3013 et
1690 2964 1892 3012 nomini
1910 2973 1961 3010 et
1979 2961 2257 3008 habitaculi
2279 2960 2359 3008 de-
