<?xml version="1.0" encoding="UTF-8"?>
<!DOCTYPE html PUBLIC "-//W3C//DTD XHTML 1.0 Transitional//EN"
    "http://www.w3.org/TR/xhtml1/DTD/xhtml1-transitional.dtd">
<html xmlns="http://www.w3.org/1999/xhtml" xml:lang="en" lang="en">
 <head>
  <title>
</title>
<meta http-equiv="Content-Type" content="text/html;charset=utf-8" />
  <meta name='ocr-system' content='tesseract 3.04.00' />
  <meta name='ocr-capabilities' content='ocr_page ocr_carea ocr_par ocr_line ocrx_word'/>
</head>
<body>
  <div class='ocr_page' id='page_1' title='image "./epistolaequaedam00habiuoft/epistolaequaedam00habiuoft_0013.png"; bbox 0 0 2655 3439; ppageno 0'>
   <div class='ocr_carea' id='block_1_1' title="bbox 2248 231 2322 277">
    <p class='ocr_par' dir='ltr' id='par_1_1' title="bbox 2248 231 2322 277">
     <span class='ocr_line' id='line_1_1' title="bbox 2248 231 2322 277; baseline 0 0"><span class='ocrx_word' id='word_1_1' title='bbox 2248 231 2322 277; x_wconf 90' lang='lat'>111</span> 
     </span>
    </p>
   </div>
   <div class='ocr_carea' id='block_1_2' title="bbox 132 381 2321 2793">
    <p class='ocr_par' dir='ltr' id='par_1_2' title="bbox 132 381 2321 2793">
     <span class='ocr_line' id='line_1_2' title="bbox 189 381 2321 440; baseline -0.002 -2"><span class='ocrx_word' id='word_1_2' title='bbox 189 387 369 438; x_wconf 83' lang='lat' dir='ltr'>ceteris</span> <span class='ocrx_word' id='word_1_3' title='bbox 405 385 617 435; x_wconf 85' lang='lat' dir='ltr'>nomino</span> <span class='ocrx_word' id='word_1_4' title='bbox 645 386 844 430; x_wconf 83' lang='lat' dir='ltr'>Patrem</span> <span class='ocrx_word' id='word_1_5' title='bbox 876 383 1160 430; x_wconf 66' lang='lat' dir='ltr'>Gnatum</span> <span class='ocrx_word' id='word_1_6' title='bbox 1196 382 1413 439; x_wconf 70' lang='lat' dir='ltr'>Tmou,</span> <span class='ocrx_word' id='word_1_7' title='bbox 1449 381 1846 440; x_wconf 78' lang='lat' dir='ltr'>Damascenum,</span> <span class='ocrx_word' id='word_1_8' title='bbox 1881 383 2193 430; x_wconf 63' lang='lat' dir='ltr'>anocmt</span> <span class='ocrx_word' id='word_1_9' title='bbox 2227 388 2321 433; x_wconf 68' lang='lat' dir='ltr'>An·</span> 
     </span>
     <span class='ocr_line' id='line_1_3' title="bbox 185 518 2321 582; baseline -0.002 -7"><span class='ocrx_word' id='word_1_10' title='bbox 185 541 351 575; x_wconf 67' lang='lat' dir='ltr'>tumn</span> <span class='ocrx_word' id='word_1_11' title='bbox 369 526 726 582; x_wconf 89' lang='lat' dir='ltr'>Tunetanum,</span> <span class='ocrx_word' id='word_1_12' title='bbox 780 531 831 567; x_wconf 90' lang='lat' dir='ltr'>et</span> <span class='ocrx_word' id='word_1_13' title='bbox 871 521 974 578; x_wconf 82' lang='lat' dir='ltr'>jam</span> <span class='ocrx_word' id='word_1_14' title='bbox 1008 519 1208 566; x_wconf 80' lang='lat' dir='ltr'>sedibus</span> <span class='ocrx_word' id='word_1_15' title='bbox 1243 518 1455 566; x_wconf 82' lang='lat' dir='ltr'>terrenis</span> <span class='ocrx_word' id='word_1_16' title='bbox 1503 529 1735 581; x_wconf 84' lang='lat' dir='ltr'>ereptum</span> <span class='ocrx_word' id='word_1_17' title='bbox 1765 520 2069 568; x_wconf 75' lang='lat' dir='ltr'>chuumm</span> <span class='ocrx_word' id='word_1_18' title='bbox 2106 522 2321 570; x_wconf 58' lang='lat' dir='ltr'>Samon</span> 
     </span>
     <span class='ocr_line' id='line_1_4' title="bbox 183 652 2321 721; baseline -0.001 -11"><span class='ocrx_word' id='word_1_19' title='bbox 183 652 523 721; x_wconf 82' lang='lat' dir='ltr'>Aconensem,</span> <span class='ocrx_word' id='word_1_20' title='bbox 558 661 688 707; x_wconf 84' lang='lat' dir='ltr'>viros</span> <span class='ocrx_word' id='word_1_21' title='bbox 715 659 942 705; x_wconf 82' lang='lat' dir='ltr'>doctrina</span> <span class='ocrx_word' id='word_1_22' title='bbox 966 668 1015 705; x_wconf 85' lang='lat' dir='ltr'>et</span> <span class='ocrx_word' id='word_1_23' title='bbox 1038 657 1324 704; x_wconf 83' lang='lat' dir='ltr'>eruditione</span> <span class='ocrx_word' id='word_1_24' title='bbox 1347 657 1823 716; x_wconf 84' lang='lat' dir='ltr'>excellentissimos,</span> <span class='ocrx_word' id='word_1_25' title='bbox 1861 658 2092 720; x_wconf 81' lang='lat' dir='ltr'>mihique</span> <span class='ocrx_word' id='word_1_26' title='bbox 2121 659 2178 704; x_wconf 86' lang='lat' dir='ltr'>in</span> <span class='ocrx_word' id='word_1_27' title='bbox 2202 674 2321 720; x_wconf 85' lang='lat' dir='ltr'>pau·</span> 
     </span>
     <span class='ocr_line' id='line_1_5' title="bbox 185 795 2320 861; baseline -0.001 -13"><span class='ocrx_word' id='word_1_28' title='bbox 185 802 256 848; x_wconf 90' lang='lat' dir='ltr'>cis</span> <span class='ocrx_word' id='word_1_29' title='bbox 277 815 428 848; x_wconf 75' lang='lat' dir='ltr'>caros,</span> <span class='ocrx_word' id='word_1_30' title='bbox 499 800 599 845; x_wconf 87' lang='lat' dir='ltr'>Nec</span> <span class='ocrx_word' id='word_1_31' title='bbox 627 798 832 843; x_wconf 87' lang='lat' dir='ltr'>silentio</span> <span class='ocrx_word' id='word_1_32' title='bbox 859 797 1128 858; x_wconf 86' lang='lat' dir='ltr'>praeterire</span> <span class='ocrx_word' id='word_1_33' title='bbox 1147 807 1319 861; x_wconf 79' lang='lat' dir='ltr'>gratus</span> <span class='ocrx_word' id='word_1_34' title='bbox 1343 796 1546 842; x_wconf 82' lang='lat' dir='ltr'>animus</span> <span class='ocrx_word' id='word_1_35' title='bbox 1568 806 1725 845; x_wconf 77' lang='lat' dir='ltr'>vetat,</span> <span class='ocrx_word' id='word_1_36' title='bbox 1761 795 1929 842; x_wconf 86' lang='lat' dir='ltr'>virum</span> <span class='ocrx_word' id='word_1_37' title='bbox 1949 797 2177 855; x_wconf 88' lang='lat' dir='ltr'>beatum,</span> <span class='ocrx_word' id='word_1_38' title='bbox 2222 797 2320 845; x_wconf 85' lang='lat' dir='ltr'>M1-</span> 
     </span>
     <span class='ocr_line' id='line_1_6' title="bbox 184 934 2319 998; baseline -0.002 -12"><span class='ocrx_word' id='word_1_39' title='bbox 184 953 406 986; x_wconf 65' lang='lat' dir='ltr'>emaum</span> <span class='ocrx_word' id='word_1_40' title='bbox 443 938 588 995; x_wconf 54' lang='lat' dir='ltr'>Sam,</span> <span class='ocrx_word' id='word_1_41' title='bbox 634 938 944 998; x_wconf 84' lang='lat' dir='ltr'>Aegyptum,</span> <span class='ocrx_word' id='word_1_42' title='bbox 989 934 1473 995; x_wconf 85' lang='lat' dir='ltr'>Mamlukorumque</span> <span class='ocrx_word' id='word_1_43' title='bbox 1509 935 1830 981; x_wconf 80' lang='lat' dir='ltr'>centuriones</span> <span class='ocrx_word' id='word_1_44' title='bbox 1865 936 2233 981; x_wconf 59' lang='lat' dir='ltr'>Fumi-Annuum</span> <span class='ocrx_word' id='word_1_45' title='bbox 2270 945 2319 982; x_wconf 85' lang='lat' dir='ltr'>et</span> 
     </span>
     <span class='ocr_line' id='line_1_7' title="bbox 183 1072 2319 1132; baseline 0 -10"><span class='ocrx_word' id='word_1_46' title='bbox 183 1077 401 1122; x_wconf 67' lang='lat' dir='ltr'>Iniunru</span> <span class='ocrx_word' id='word_1_47' title='bbox 430 1089 548 1120; x_wconf 91' lang='lat' dir='ltr'>cum</span> <span class='ocrx_word' id='word_1_48' title='bbox 577 1074 763 1118; x_wconf 87' lang='lat' dir='ltr'>horum</span> <span class='ocrx_word' id='word_1_49' title='bbox 795 1083 914 1132; x_wconf 87' lang='lat' dir='ltr'>tota,</span> <span class='ocrx_word' id='word_1_50' title='bbox 953 1072 1189 1132; x_wconf 78' lang='lat' dir='ltr'>inquam</span> <span class='ocrx_word' id='word_1_51' title='bbox 1215 1073 1454 1118; x_wconf 86' lang='lat' dir='ltr'>benevole</span> <span class='ocrx_word' id='word_1_52' title='bbox 1481 1083 1708 1132; x_wconf 85' lang='lat' dir='ltr'>receptus</span> <span class='ocrx_word' id='word_1_53' title='bbox 1737 1088 1873 1131; x_wconf 86' lang='lat' dir='ltr'>sum,</span> <span class='ocrx_word' id='word_1_54' title='bbox 1907 1072 2103 1119; x_wconf 73' lang='lat' dir='ltr'>familia</span> <span class='ocrx_word' id='word_1_55' title='bbox 2113 1089 2130 1130; x_wconf 76' lang='lat'>3</span> <span class='ocrx_word' id='word_1_56' title='bbox 2200 1088 2319 1122; x_wconf 83' lang='lat' dir='ltr'>cum</span> 
     </span>
     <span class='ocr_line' id='line_1_8' title="bbox 180 1209 2317 1285; baseline -0 -26"><span class='ocrx_word' id='word_1_57' title='bbox 180 1212 263 1259; x_wconf 90' lang='lat' dir='ltr'>his</span> <span class='ocrx_word' id='word_1_58' title='bbox 288 1212 525 1258; x_wconf 85' lang='lat' dir='ltr'>omnibus</span> <span class='ocrx_word' id='word_1_59' title='bbox 547 1222 597 1257; x_wconf 90' lang='lat' dir='ltr'>et</span> <span class='ocrx_word' id='word_1_60' title='bbox 628 1211 740 1257; x_wconf 89' lang='lat' dir='ltr'>aliis</span> <span class='ocrx_word' id='word_1_61' title='bbox 768 1210 989 1256; x_wconf 82' lang='lat' dir='ltr'>Arabicis</span> <span class='ocrx_word' id='word_1_62' title='bbox 1020 1219 1069 1255; x_wconf 90' lang='lat' dir='ltr'>et</span> <span class='ocrx_word' id='word_1_63' title='bbox 1092 1209 1318 1271; x_wconf 86' lang='lat' dir='ltr'>ipsarum</span> <span class='ocrx_word' id='word_1_64' title='bbox 1352 1220 1402 1258; x_wconf 84' lang='lat' dir='ltr'>et</span> <span class='ocrx_word' id='word_1_65' title='bbox 1426 1225 1653 1255; x_wconf 84' lang='lat' dir='ltr'>mearum</span> <span class='ocrx_word' id='word_1_66' title='bbox 1675 1225 1845 1258; x_wconf 86' lang='lat' dir='ltr'>rerum</span> <span class='ocrx_word' id='word_1_67' title='bbox 1872 1226 2017 1257; x_wconf 89' lang='lat' dir='ltr'>causa</span> <span class='ocrx_word' id='word_1_68' title='bbox 2033 1211 2317 1285; x_wconf 84' lang='lat' dir='ltr'>litterarum</span> 
     </span>
     <span class='ocr_line' id='line_1_9' title="bbox 178 1348 2315 1410; baseline -0 -14"><span class='ocrx_word' id='word_1_69' title='bbox 178 1350 545 1397; x_wconf 86' lang='lat' dir='ltr'>commercium</span> <span class='ocrx_word' id='word_1_70' title='bbox 568 1349 729 1407; x_wconf 91' lang='lat' dir='ltr'>colui,</span> <span class='ocrx_word' id='word_1_71' title='bbox 766 1348 898 1408; x_wconf 87' lang='lat' dir='ltr'>quod</span> <span class='ocrx_word' id='word_1_72' title='bbox 930 1362 1094 1407; x_wconf 87' lang='lat' dir='ltr'>neque</span> <span class='ocrx_word' id='word_1_73' title='bbox 1122 1357 1234 1407; x_wconf 89' lang='lat' dir='ltr'>post</span> <span class='ocrx_word' id='word_1_74' title='bbox 1256 1363 1430 1392; x_wconf 90' lang='lat' dir='ltr'>meum</span> <span class='ocrx_word' id='word_1_75' title='bbox 1453 1348 1752 1406; x_wconf 82' lang='lat' dir='ltr'>discessum,</span> <span class='ocrx_word' id='word_1_76' title='bbox 1789 1364 1952 1409; x_wconf 75' lang='lat' dir='ltr'>neque</span> <span class='ocrx_word' id='word_1_77' title='bbox 1973 1359 2084 1410; x_wconf 85' lang='lat' dir='ltr'>post</span> <span class='ocrx_word' id='word_1_78' title='bbox 2109 1350 2315 1396; x_wconf 86' lang='lat' dir='ltr'>illorum</span> 
     </span>
     <span class='ocr_line' id='line_1_10' title="bbox 178 1485 2315 1550; baseline -0 -16"><span class='ocrx_word' id='word_1_79' title='bbox 178 1488 365 1550; x_wconf 88' lang='lat' dir='ltr'>partim</span> <span class='ocrx_word' id='word_1_80' title='bbox 396 1487 451 1532; x_wconf 87' lang='lat' dir='ltr'>in</span> <span class='ocrx_word' id='word_1_81' title='bbox 479 1487 694 1547; x_wconf 87' lang='lat' dir='ltr'>patriam</span> <span class='ocrx_word' id='word_1_82' title='bbox 726 1486 948 1530; x_wconf 85' lang='lat' dir='ltr'>reditum</span> <span class='ocrx_word' id='word_1_83' title='bbox 977 1500 1205 1544; x_wconf 89' lang='lat' dir='ltr'>unquam</span> <span class='ocrx_word' id='word_1_84' title='bbox 1228 1486 1375 1532; x_wconf 82' lang='lat' dir='ltr'><strong>cessit</strong></span> <span class='ocrx_word' id='word_1_85' title='bbox 1401 1496 1450 1531; x_wconf 89' lang='lat' dir='ltr'>et</span> <span class='ocrx_word' id='word_1_86' title='bbox 1474 1486 1595 1531; x_wconf 88' lang='lat' dir='ltr'>alios</span> <span class='ocrx_word' id='word_1_87' title='bbox 1623 1485 1778 1531; x_wconf 86' lang='lat' dir='ltr'>etiam</span> <span class='ocrx_word' id='word_1_88' title='bbox 1799 1488 2001 1544; x_wconf 78' lang='lat' dir='ltr'>Arabes,</span> <span class='ocrx_word' id='word_1_89' title='bbox 2037 1501 2159 1546; x_wconf 85' lang='lat' dir='ltr'>quos</span> <span class='ocrx_word' id='word_1_90' title='bbox 2188 1503 2315 1533; x_wconf 86' lang='lat' dir='ltr'>nun·</span> 
     </span>
     <span class='ocr_line' id='line_1_11' title="bbox 179 1623 2315 1687; baseline 0 -15"><span class='ocrx_word' id='word_1_91' title='bbox 179 1641 332 1687; x_wconf 87' lang='lat' dir='ltr'>quam</span> <span class='ocrx_word' id='word_1_92' title='bbox 354 1635 498 1672; x_wconf 87' lang='lat' dir='ltr'>antea</span> <span class='ocrx_word' id='word_1_93' title='bbox 524 1639 689 1670; x_wconf 87' lang='lat' dir='ltr'>coram</span> <span class='ocrx_word' id='word_1_94' title='bbox 712 1624 880 1670; x_wconf 82' lang='lat' dir='ltr'>videre</span> <span class='ocrx_word' id='word_1_95' title='bbox 913 1624 1218 1686; x_wconf 81' lang='lat' dir='ltr'>contigerat,</span> <span class='ocrx_word' id='word_1_96' title='bbox 1250 1623 1381 1669; x_wconf 89' lang='lat' dir='ltr'>mihi</span> <span class='ocrx_word' id='word_1_97' title='bbox 1417 1624 1705 1670; x_wconf 87' lang='lat' dir='ltr'>conciliavit</span> <span class='ocrx_word' id='word_1_98' title='bbox 1735 1635 1784 1671; x_wconf 92' lang='lat' dir='ltr'>et</span> <span class='ocrx_word' id='word_1_99' title='bbox 1809 1625 1869 1671; x_wconf 84' lang='lat' dir='ltr'>ad</span> <span class='ocrx_word' id='word_1_100' title='bbox 1899 1624 2089 1671; x_wconf 78' lang='lat' dir='ltr'>litteras</span> <span class='ocrx_word' id='word_1_101' title='bbox 2113 1641 2315 1672; x_wconf 86' lang='lat' dir='ltr'>mecum</span> 
     </span>
     <span class='ocr_line' id='line_1_12' title="bbox 181 1761 2309 1825; baseline 0 -14"><span class='ocrx_word' id='word_1_102' title='bbox 181 1763 562 1811; x_wconf 85' lang='lat' dir='ltr'>commutandas</span> <span class='ocrx_word' id='word_1_103' title='bbox 583 1761 831 1808; x_wconf 81' lang='lat' dir='ltr'>incitavit.</span> <span class='ocrx_word' id='word_1_104' title='bbox 901 1762 1035 1808; x_wconf 90' lang='lat' dir='ltr'>Hinc</span> <span class='ocrx_word' id='word_1_105' title='bbox 1057 1762 1249 1808; x_wconf 81' lang='lat' dir='ltr'>factum</span> <span class='ocrx_word' id='word_1_106' title='bbox 1289 1773 1387 1821; x_wconf 86' lang='lat' dir='ltr'>est,</span> <span class='ocrx_word' id='word_1_107' title='bbox 1422 1773 1480 1808; x_wconf 90' lang='lat' dir='ltr'>ut</span> <span class='ocrx_word' id='word_1_108' title='bbox 1504 1765 1774 1825; x_wconf 83' lang='lat' dir='ltr'>plusquam</span> <span class='ocrx_word' id='word_1_109' title='bbox 1806 1764 2043 1810; x_wconf 86' lang='lat' dir='ltr'>ducentas</span> <span class='ocrx_word' id='word_1_110' title='bbox 2073 1765 2309 1825; x_wconf 75' lang='lat' dir='ltr'>epistolas</span> 
     </span>
     <span class='ocr_line' id='line_1_13' title="bbox 180 1900 2313 1964; baseline 0.002 -17"><span class='ocrx_word' id='word_1_111' title='bbox 180 1903 238 1947; x_wconf 87' lang='lat' dir='ltr'>ab</span> <span class='ocrx_word' id='word_1_112' title='bbox 268 1902 508 1947; x_wconf 79' lang='lat' dir='ltr'>Arabibus</span> <span class='ocrx_word' id='word_1_113' title='bbox 537 1901 867 1962; x_wconf 83' lang='lat' dir='ltr'>conscriptas,</span> <span class='ocrx_word' id='word_1_114' title='bbox 904 1900 1093 1946; x_wconf 88' lang='lat' dir='ltr'>sensim</span> <span class='ocrx_word' id='word_1_115' title='bbox 1118 1901 1413 1962; x_wconf 79' lang='lat' dir='ltr'>acciperem.</span> <span class='ocrx_word' id='word_1_116' title='bbox 1484 1902 1626 1964; x_wconf 83' lang='lat' dir='ltr'>Quod</span> <span class='ocrx_word' id='word_1_117' title='bbox 1645 1917 1805 1961; x_wconf 87' lang='lat' dir='ltr'>quum</span> <span class='ocrx_word' id='word_1_118' title='bbox 1837 1918 1894 1948; x_wconf 88' lang='lat' dir='ltr'>ex</span> <span class='ocrx_word' id='word_1_119' title='bbox 1915 1902 2075 1948; x_wconf 90' lang='lat' dir='ltr'>amico</span> <span class='ocrx_word' id='word_1_120' title='bbox 2099 1903 2313 1962; x_wconf 81' lang='lat' dir='ltr'>quodam</span> 
     </span>
     <span class='ocr_line' id='line_1_14' title="bbox 132 2026 2314 2102; baseline 0.001 -18"><span class='ocrx_word' id='word_1_121' title='bbox 132 2026 134 2029; x_wconf 17' lang='lat' dir='ltr'>V</span> <span class='ocrx_word' id='word_1_122' title='bbox 179 2038 452 2085; x_wconf 79' lang='lat' dir='ltr'>audivisset</span> <span class='ocrx_word' id='word_1_123' title='bbox 487 2038 842 2083; x_wconf 87' lang='lat' dir='ltr'>celeberrimus</span> <span class='ocrx_word' id='word_1_124' title='bbox 880 2039 1354 2097; x_wconf 61' lang='lat' dir='ltr'>Rosnxmunttnnus,</span> <span class='ocrx_word' id='word_1_125' title='bbox 1390 2039 1464 2084; x_wconf 78' lang='lat' dir='ltr'>vir</span> <span class='ocrx_word' id='word_1_126' title='bbox 1494 2039 1553 2084; x_wconf 85' lang='lat' dir='ltr'>de</span> <span class='ocrx_word' id='word_1_127' title='bbox 1580 2040 1760 2084; x_wconf 82' lang='lat' dir='ltr'>studiis</span> <span class='ocrx_word' id='word_1_128' title='bbox 1792 2040 2118 2086; x_wconf 83' lang='lat' dir='ltr'>orientalibus</span> <span class='ocrx_word' id='word_1_129' title='bbox 2143 2041 2314 2102; x_wconf 85' lang='lat' dir='ltr'>impri-</span> 
     </span>
     <span class='ocr_line' id='line_1_15' title="bbox 180 2175 2314 2240; baseline 0.001 -19"><span class='ocrx_word' id='word_1_130' title='bbox 180 2176 277 2221; x_wconf 88' lang='lat' dir='ltr'>mis</span> <span class='ocrx_word' id='word_1_131' title='bbox 303 2176 540 2233; x_wconf 87' lang='lat' dir='ltr'>meritus,</span> <span class='ocrx_word' id='word_1_132' title='bbox 578 2187 749 2221; x_wconf 85' lang='lat' dir='ltr'>auctor</span> <span class='ocrx_word' id='word_1_133' title='bbox 776 2175 908 2221; x_wconf 87' lang='lat' dir='ltr'>mihi</span> <span class='ocrx_word' id='word_1_134' title='bbox 937 2175 1029 2222; x_wconf 91' lang='lat' dir='ltr'>iIle</span> <span class='ocrx_word' id='word_1_135' title='bbox 1056 2176 1180 2234; x_wconf 83' lang='lat' dir='ltr'>fuit,</span> <span class='ocrx_word' id='word_1_136' title='bbox 1219 2188 1275 2222; x_wconf 90' lang='lat' dir='ltr'>ut</span> <span class='ocrx_word' id='word_1_137' title='bbox 1309 2192 1480 2222; x_wconf 88' lang='lat' dir='ltr'>earum</span> <span class='ocrx_word' id='word_1_138' title='bbox 1519 2179 1792 2224; x_wconf 88' lang='lat' dir='ltr'>nonnullas</span> <span class='ocrx_word' id='word_1_139' title='bbox 1820 2179 2128 2239; x_wconf 84' lang='lat' dir='ltr'>publicarem</span> <span class='ocrx_word' id='word_1_140' title='bbox 2158 2195 2314 2240; x_wconf 83' lang='lat' dir='ltr'>eoque</span> 
     </span>
     <span class='ocr_line' id='line_1_16' title="bbox 181 2312 2313 2379; baseline 0.003 -22"><span class='ocrx_word' id='word_1_141' title='bbox 181 2312 329 2358; x_wconf 87' lang='lat' dir='ltr'>modo</span> <span class='ocrx_word' id='word_1_142' title='bbox 362 2312 421 2356; x_wconf 83' lang='lat' dir='ltr'>ad</span> <span class='ocrx_word' id='word_1_143' title='bbox 447 2314 637 2372; x_wconf 77' lang='lat' dir='ltr'>stylum</span> <span class='ocrx_word' id='word_1_144' title='bbox 662 2315 882 2359; x_wconf 83' lang='lat' dir='ltr'>Arabum</span> <span class='ocrx_word' id='word_1_145' title='bbox 908 2314 1228 2375; x_wconf 82' lang='lat' dir='ltr'>epistolarem</span> <span class='ocrx_word' id='word_1_146' title='bbox 1263 2316 1444 2361; x_wconf 84' lang='lat' dir='ltr'>clarius</span> <span class='ocrx_word' id='word_1_147' title='bbox 1471 2316 1875 2379; x_wconf 82' lang='lat' dir='ltr'>cognoscendum</span> <span class='ocrx_word' id='word_1_148' title='bbox 1911 2316 2100 2377; x_wconf 80' lang='lat' dir='ltr'>aliquid</span> <span class='ocrx_word' id='word_1_149' title='bbox 2126 2318 2313 2363; x_wconf 73' lang='lat' dir='ltr'>conser-</span> 
     </span>
     <span class='ocr_line' id='line_1_17' title="bbox 185 2448 2314 2513; baseline 0.004 -20"><span class='ocrx_word' id='word_1_150' title='bbox 185 2464 303 2494; x_wconf 85' lang='lat' dir='ltr'>rem.</span> <span class='ocrx_word' id='word_1_151' title='bbox 374 2448 508 2493; x_wconf 85' lang='lat' dir='ltr'>Huic</span> <span class='ocrx_word' id='word_1_152' title='bbox 537 2450 773 2508; x_wconf 88' lang='lat' dir='ltr'>consilio,</span> <span class='ocrx_word' id='word_1_153' title='bbox 811 2461 869 2496; x_wconf 89' lang='lat' dir='ltr'>ut</span> <span class='ocrx_word' id='word_1_154' title='bbox 897 2451 1237 2499; x_wconf 76' lang='lat' dir='ltr'>satisfacerem</span> <span class='ocrx_word' id='word_1_155' title='bbox 1264 2454 1491 2512; x_wconf 79' lang='lat' dir='ltr'>quamvis</span> <span class='ocrx_word' id='word_1_156' title='bbox 1524 2455 1803 2500; x_wconf 86' lang='lat' dir='ltr'>nonnullae</span> <span class='ocrx_word' id='word_1_157' title='bbox 1832 2468 2007 2498; x_wconf 83' lang='lat' dir='ltr'>causae</span> <span class='ocrx_word' id='word_1_158' title='bbox 2041 2454 2314 2513; x_wconf 80' lang='lat' dir='ltr'>obstarent,</span> 
     </span>
     <span class='ocr_line' id='line_1_18' title="bbox 183 2585 2315 2652; baseline 0.003 -20"><span class='ocrx_word' id='word_1_159' title='bbox 183 2586 309 2632; x_wconf 87' lang='lat' dir='ltr'>aliae</span> <span class='ocrx_word' id='word_1_160' title='bbox 333 2596 503 2630; x_wconf 87' lang='lat' dir='ltr'>tamen</span> <span class='ocrx_word' id='word_1_161' title='bbox 536 2585 671 2631; x_wconf 82' lang='lat' dir='ltr'>haud</span> <span class='ocrx_word' id='word_1_162' title='bbox 695 2601 884 2647; x_wconf 89' lang='lat' dir='ltr'>paucae</span> <span class='ocrx_word' id='word_1_163' title='bbox 911 2604 993 2633; x_wconf 89' lang='lat' dir='ltr'>me</span> <span class='ocrx_word' id='word_1_164' title='bbox 1020 2589 1353 2652; x_wconf 83' lang='lat' dir='ltr'>impulerunt.</span> <span class='ocrx_word' id='word_1_165' title='bbox 1424 2592 1531 2635; x_wconf 89' lang='lat' dir='ltr'>Jam</span> <span class='ocrx_word' id='word_1_166' title='bbox 1565 2590 1732 2648; x_wconf 81' lang='lat' dir='ltr'>itaque</span> <span class='ocrx_word' id='word_1_167' title='bbox 1757 2589 1816 2635; x_wconf 84' lang='lat' dir='ltr'>in</span> <span class='ocrx_word' id='word_1_168' title='bbox 1843 2590 2105 2650; x_wconf 88' lang='lat' dir='ltr'>publicum</span> <span class='ocrx_word' id='word_1_169' title='bbox 2135 2593 2315 2639; x_wconf 86' lang='lat' dir='ltr'>emitto</span> 
     </span>
     <span class='ocr_line' id='line_1_19' title="bbox 183 2723 2314 2793; baseline 0.003 -23"><span class='ocrx_word' id='word_1_170' title='bbox 183 2725 390 2770; x_wconf 89' lang='lat' dir='ltr'>selectas</span> <span class='ocrx_word' id='word_1_171' title='bbox 430 2723 666 2783; x_wconf 83' lang='lat' dir='ltr'>quasdam</span> <span class='ocrx_word' id='word_1_172' title='bbox 703 2723 964 2784; x_wconf 81' lang='lat' dir='ltr'>epistolas,</span> <span class='ocrx_word' id='word_1_173' title='bbox 1002 2737 1290 2783; x_wconf 86' lang='lat' dir='ltr'>auctorum,</span> <span class='ocrx_word' id='word_1_174' title='bbox 1324 2739 1381 2773; x_wconf 89' lang='lat' dir='ltr'>ut</span> <span class='ocrx_word' id='word_1_175' title='bbox 1407 2739 1522 2788; x_wconf 86' lang='lat' dir='ltr'>pote</span> <span class='ocrx_word' id='word_1_176' title='bbox 1548 2742 1605 2771; x_wconf 83' lang='lat' dir='ltr'>ex</span> <span class='ocrx_word' id='word_1_177' title='bbox 1636 2737 1776 2788; x_wconf 82' lang='lat' dir='ltr'>parto</span> <span class='ocrx_word' id='word_1_178' title='bbox 1814 2727 1975 2774; x_wconf 83' lang='lat' dir='ltr'>adhuc</span> <span class='ocrx_word' id='word_1_179' title='bbox 2007 2728 2314 2793; x_wconf 81' lang='lat' dir='ltr'>viventium,</span> 
     </span>
    </p>
   </div>
   <div class='ocr_carea' id='block_1_3' title="bbox 185 2860 2316 2925">
    <p class='ocr_par' dir='ltr' id='par_1_3' title="bbox 185 2860 2316 2925">
     <span class='ocr_line' id='line_1_20' title="bbox 185 2860 2316 2925; baseline 0.004 -18"><span class='ocrx_word' id='word_1_180' title='bbox 185 2861 480 2907; x_wconf 85' lang='lat' dir='ltr'>nominibus</span> <span class='ocrx_word' id='word_1_181' title='bbox 518 2860 790 2905; x_wconf 86' lang='lat' dir='ltr'>maximam</span> <span class='ocrx_word' id='word_1_182' title='bbox 821 2872 1014 2922; x_wconf 86' lang='lat' dir='ltr'>partem</span> <span class='ocrx_word' id='word_1_183' title='bbox 1047 2863 1269 2919; x_wconf 85' lang='lat' dir='ltr'>omissis,</span> <span class='ocrx_word' id='word_1_184' title='bbox 1308 2865 1479 2923; x_wconf 23' lang='lat' dir='ltr'>‘iisque</span> <span class='ocrx_word' id='word_1_185' title='bbox 1506 2864 1757 2910; x_wconf 73' lang='lat' dir='ltr'>schedulas</span> <span class='ocrx_word' id='word_1_186' title='bbox 1787 2865 2003 2925; x_wconf 82' lang='lat' dir='ltr'>aliquas,</span> <span class='ocrx_word' id='word_1_187' title='bbox 2039 2867 2316 2915; x_wconf 75' lang='lat' dir='ltr'>testimonia</span> 
     </span>
    </p>
   </div>
  </div>
 </body>
</html>
