<?xml version="1.0" encoding="UTF-8"?>
<!DOCTYPE html PUBLIC "-//W3C//DTD XHTML 1.0 Transitional//EN"
    "http://www.w3.org/TR/xhtml1/DTD/xhtml1-transitional.dtd">
<html xmlns="http://www.w3.org/1999/xhtml" xml:lang="en" lang="en">
 <head>
  <title>
</title>
<meta http-equiv="Content-Type" content="text/html;charset=utf-8" />
  <meta name='ocr-system' content='tesseract 3.04.00' />
  <meta name='ocr-capabilities' content='ocr_page ocr_carea ocr_par ocr_line ocrx_word'/>
</head>
<body>
  <div class='ocr_page' id='page_1' title='image "./epistolaequaedam00habiuoft/epistolaequaedam00habiuoft_0023.png"; bbox 0 0 2635 3413; ppageno 0'>
   <div class='ocr_carea' id='block_1_1' title="bbox 1067 259 1522 310">
    <p class='ocr_par' dir='ltr' id='par_1_1' title="bbox 1067 259 1522 310">
     <span class='ocr_line' id='line_1_1' title="bbox 1067 259 1522 310; baseline -0.002 -21"><span class='ocrx_word' id='word_1_1' title='bbox 1067 270 1210 289; x_wconf 52' lang='lat' dir='ltr'>ws·</span> <span class='ocrx_word' id='word_1_2' title='bbox 1279 259 1308 310; x_wconf 85' lang='lat'>5</span> <span class='ocrx_word' id='word_1_3' title='bbox 1378 271 1522 289; x_wconf 50' lang='lat' dir='ltr'>ms·</span> 
     </span>
    </p>
   </div>
   <div class='ocr_carea' id='block_1_2' title="bbox 205 383 2370 2430">
    <p class='ocr_par' dir='ltr' id='par_1_2' title="bbox 205 383 2370 2430">
     <span class='ocr_line' id='line_1_2' title="bbox 222 383 2368 446; baseline 0.002 -15"><span class='ocrx_word' id='word_1_4' title='bbox 222 384 327 431; x_wconf 84' lang='lat' dir='ltr'>didi</span> <span class='ocrx_word' id='word_1_5' title='bbox 338 400 354 443; x_wconf 78' lang='lat'>3</span> <span class='ocrx_word' id='word_1_6' title='bbox 391 383 633 429; x_wconf 86' lang='lat' dir='ltr'>nonnulli</span> <span class='ocrx_word' id='word_1_7' title='bbox 655 383 787 428; x_wconf 90' lang='lat' dir='ltr'>mihi</span> <span class='ocrx_word' id='word_1_8' title='bbox 815 394 1022 430; x_wconf 80' lang='lat' dir='ltr'>restant.</span> <span class='ocrx_word' id='word_1_9' title='bbox 1091 383 1243 430; x_wconf 91' lang='lat' dir='ltr'>Volui</span> <span class='ocrx_word' id='word_1_10' title='bbox 1266 383 1436 444; x_wconf 90' lang='lat' dir='ltr'>itaque</span> <span class='ocrx_word' id='word_1_11' title='bbox 1457 394 1507 430; x_wconf 89' lang='lat' dir='ltr'>te</span> <span class='ocrx_word' id='word_1_12' title='bbox 1537 385 1822 445; x_wconf 88' lang='lat' dir='ltr'>consulere,</span> <span class='ocrx_word' id='word_1_13' title='bbox 1860 402 1988 432; x_wconf 90' lang='lat' dir='ltr'>num</span> <span class='ocrx_word' id='word_1_14' title='bbox 2016 387 2164 446; x_wconf 80' lang='lat' dir='ltr'>velis,</span> <span class='ocrx_word' id='word_1_15' title='bbox 2202 401 2259 434; x_wconf 79' lang='lat' dir='ltr'>ut</span> <span class='ocrx_word' id='word_1_16' title='bbox 2288 406 2368 435; x_wconf 85' lang='lat' dir='ltr'>eos</span> 
     </span>
     <span class='ocr_line' id='line_1_3' title="bbox 221 473 2368 534; baseline 0.002 -14"><span class='ocrx_word' id='word_1_17' title='bbox 221 474 557 521; x_wconf 72' lang='lat' dir='ltr'>tibi&#39;mittam.</span> <span class='ocrx_word' id='word_1_18' title='bbox 613 473 708 519; x_wconf 91' lang='lat' dir='ltr'>Sed</span> <span class='ocrx_word' id='word_1_19' title='bbox 735 474 999 519; x_wconf 83' lang='lat' dir='ltr'>haerebam</span> <span class='ocrx_word' id='word_1_20' title='bbox 1020 489 1319 534; x_wconf 87' lang='lat' dir='ltr'>responsum</span> <span class='ocrx_word' id='word_1_21' title='bbox 1339 475 1420 519; x_wconf 86' lang='lat' dir='ltr'>abs</span> <span class='ocrx_word' id='word_1_22' title='bbox 1445 484 1494 519; x_wconf 91' lang='lat' dir='ltr'>te</span> <span class='ocrx_word' id='word_1_23' title='bbox 1523 484 1830 534; x_wconf 82' lang='lat' dir='ltr'>exspectans.</span> <span class='ocrx_word' id='word_1_24' title='bbox 1902 477 2130 522; x_wconf 85' lang='lat' dir='ltr'>Tandem</span> <span class='ocrx_word' id='word_1_25' title='bbox 2151 478 2243 523; x_wconf 85' lang='lat' dir='ltr'>hac</span> <span class='ocrx_word' id='word_1_26' title='bbox 2263 494 2368 525; x_wconf 89' lang='lat' dir='ltr'>sese</span> 
     </span>
     <span class='ocr_line' id='line_1_4' title="bbox 220 563 2370 627; baseline 0.003 -19"><span class='ocrx_word' id='word_1_27' title='bbox 220 564 462 608; x_wconf 83' lang='lat' dir='ltr'>offerente</span> <span class='ocrx_word' id='word_1_28' title='bbox 498 563 901 624; x_wconf 79' lang='lat' dir='ltr'>opportunitate,</span> <span class='ocrx_word' id='word_1_29' title='bbox 950 566 1252 626; x_wconf 85' lang='lat' dir='ltr'>Chawagam</span> <span class='ocrx_word' id='word_1_30' title='bbox 1290 564 1484 627; x_wconf 80' lang='lat' dir='ltr'>rogavi,</span> <span class='ocrx_word' id='word_1_31' title='bbox 1538 563 1764 625; x_wconf 85' lang='lat' dir='ltr'>possitne</span> <span class='ocrx_word' id='word_1_32' title='bbox 1809 580 1890 610; x_wconf 88' lang='lat' dir='ltr'>eos</span> <span class='ocrx_word' id='word_1_33' title='bbox 1931 581 2050 611; x_wconf 90' lang='lat' dir='ltr'>cum</span> <span class='ocrx_word' id='word_1_34' title='bbox 2085 567 2198 612; x_wconf 89' lang='lat' dir='ltr'>aliis</span> <span class='ocrx_word' id='word_1_35' title='bbox 2243 584 2370 614; x_wconf 86' lang='lat' dir='ltr'>mer-</span> 
     </span>
     <span class='ocr_line' id='line_1_5' title="bbox 218 653 2368 716; baseline 0.003 -18"><span class='ocrx_word' id='word_1_36' title='bbox 218 653 463 702; x_wconf 69' lang='lat' dir='ltr'>cimoniis,</span> <span class='ocrx_word' id='word_1_37' title='bbox 494 654 554 698; x_wconf 88' lang='lat' dir='ltr'>ad</span> <span class='ocrx_word' id='word_1_38' title='bbox 590 664 641 697; x_wconf 89' lang='lat' dir='ltr'>te</span> <span class='ocrx_word' id='word_1_39' title='bbox 675 653 1034 700; x_wconf 84' lang='lat' dir='ltr'>transmittere.</span> <span class='ocrx_word' id='word_1_40' title='bbox 1123 655 1425 714; x_wconf 84' lang='lat' dir='ltr'>Respondit:</span> <span class='ocrx_word' id='word_1_41' title='bbox 1464 656 1582 700; x_wconf 83' lang='lat' dir='ltr'>cedo</span> <span class='ocrx_word' id='word_1_42' title='bbox 1619 656 1748 714; x_wconf 83' lang='lat' dir='ltr'>quod</span> <span class='ocrx_word' id='word_1_43' title='bbox 1777 670 1921 716; x_wconf 83' lang='lat' dir='ltr'>penes</span> <span class='ocrx_word' id='word_1_44' title='bbox 1957 666 2003 701; x_wconf 76' lang='lat' dir='ltr'>te</span> <span class='ocrx_word' id='word_1_45' title='bbox 2038 665 2123 701; x_wconf 81' lang='lat' dir='ltr'>est.</span> <span class='ocrx_word' id='word_1_46' title='bbox 2201 658 2277 702; x_wconf 89' lang='lat' dir='ltr'>Ita</span> <span class='ocrx_word' id='word_1_47' title='bbox 2320 660 2368 705; x_wconf 87' lang='lat' dir='ltr'>ei</span> 
     </span>
     <span class='ocr_line' id='line_1_6' title="bbox 217 743 2366 807; baseline 0.002 -18"><span class='ocrx_word' id='word_1_48' title='bbox 217 743 400 789; x_wconf 85' lang='lat' dir='ltr'>tradidi</span> <span class='ocrx_word' id='word_1_49' title='bbox 447 743 820 805; x_wconf 82' lang='lat' dir='ltr'>quinquaginta</span> <span class='ocrx_word' id='word_1_50' title='bbox 873 744 1110 789; x_wconf 84' lang='lat' dir='ltr'>carminis</span> <span class='ocrx_word' id='word_1_51' title='bbox 1163 745 1469 805; x_wconf 77' lang='lat' dir='ltr'>exemplaria</span> <span class='ocrx_word' id='word_1_52' title='bbox 1525 754 1575 788; x_wconf 89' lang='lat' dir='ltr'>et</span> <span class='ocrx_word' id='word_1_53' title='bbox 1609 744 1796 807; x_wconf 79' lang='lat' dir='ltr'>viginti</span> <span class='ocrx_word' id='word_1_54' title='bbox 1842 745 2068 806; x_wconf 87' lang='lat' dir='ltr'>quinque</span> <span class='ocrx_word' id='word_1_55' title='bbox 2112 746 2256 793; x_wconf 87' lang='lat' dir='ltr'>illius</span> <span class='ocrx_word' id='word_1_56' title='bbox 2308 748 2366 794; x_wconf 87' lang='lat' dir='ltr'>de</span> 
     </span>
     <span class='ocr_line' id='line_1_7' title="bbox 216 832 2367 896; baseline 0.003 -18"><span class='ocrx_word' id='word_1_57' title='bbox 216 834 451 879; x_wconf 87' lang='lat' dir='ltr'>columba</span> <span class='ocrx_word' id='word_1_58' title='bbox 478 843 741 891; x_wconf 82' lang='lat' dir='ltr'>tractatuS,</span> <span class='ocrx_word' id='word_1_59' title='bbox 780 832 936 884; x_wconf 76' lang='lat' dir='ltr'>simul</span> <span class='ocrx_word' id='word_1_60' title='bbox 969 849 1088 878; x_wconf 87' lang='lat' dir='ltr'>cum</span> <span class='ocrx_word' id='word_1_61' title='bbox 1112 834 1339 878; x_wconf 86' lang='lat' dir='ltr'>historiis</span> <span class='ocrx_word' id='word_1_62' title='bbox 1376 834 1450 892; x_wconf 82' lang='lat'>(6)</span> <span class='ocrx_word' id='word_1_63' title='bbox 1488 834 1748 895; x_wconf 84' lang='lat' dir='ltr'>descriptis</span> <span class='ocrx_word' id='word_1_64' title='bbox 1771 835 1831 880; x_wconf 90' lang='lat' dir='ltr'>ad</span> <span class='ocrx_word' id='word_1_65' title='bbox 1852 845 1902 879; x_wconf 90' lang='lat' dir='ltr'>te</span> <span class='ocrx_word' id='word_1_66' title='bbox 1918 836 2226 896; x_wconf 88' lang='lat' dir='ltr'>perferenda.</span> <span class='ocrx_word' id='word_1_67' title='bbox 2271 838 2367 884; x_wconf 83' lang='lat' dir='ltr'>Ro-</span> 
     </span>
     <span class='ocr_line' id='line_1_8' title="bbox 214 923 2366 987; baseline 0.004 -20"><span class='ocrx_word' id='word_1_68' title='bbox 214 934 393 987; x_wconf 83' lang='lat' dir='ltr'>gatum</span> <span class='ocrx_word' id='word_1_69' title='bbox 425 933 476 967; x_wconf 92' lang='lat' dir='ltr'>te</span> <span class='ocrx_word' id='word_1_70' title='bbox 519 924 652 979; x_wconf 73' lang='lat' dir='ltr'>volo,</span> <span class='ocrx_word' id='word_1_71' title='bbox 691 932 749 966; x_wconf 88' lang='lat' dir='ltr'>ut</span> <span class='ocrx_word' id='word_1_72' title='bbox 774 923 864 967; x_wconf 87' lang='lat' dir='ltr'>illa</span> <span class='ocrx_word' id='word_1_73' title='bbox 903 923 1035 968; x_wconf 89' lang='lat' dir='ltr'>mihi</span> <span class='ocrx_word' id='word_1_74' title='bbox 1071 924 1205 984; x_wconf 86' lang='lat' dir='ltr'>apud</span> <span class='ocrx_word' id='word_1_75' title='bbox 1238 934 1288 968; x_wconf 89' lang='lat' dir='ltr'>te</span> <span class='ocrx_word' id='word_1_76' title='bbox 1329 925 1539 983; x_wconf 80' lang='lat' dir='ltr'>vendas,</span> <span class='ocrx_word' id='word_1_77' title='bbox 1577 940 1704 984; x_wconf 86' lang='lat' dir='ltr'>quae</span> <span class='ocrx_word' id='word_1_78' title='bbox 1740 935 1911 970; x_wconf 87' lang='lat' dir='ltr'>autem</span> <span class='ocrx_word' id='word_1_79' title='bbox 1945 941 2050 970; x_wconf 90' lang='lat' dir='ltr'>non</span> <span class='ocrx_word' id='word_1_80' title='bbox 2082 927 2366 975; x_wconf 85' lang='lat' dir='ltr'>vendantur</span> 
     </span>
     <span class='ocr_line' id='line_1_9' title="bbox 216 1012 2360 1078; baseline 0.002 -20"><span class='ocrx_word' id='word_1_81' title='bbox 216 1013 351 1074; x_wconf 89' lang='lat' dir='ltr'>apud</span> <span class='ocrx_word' id='word_1_82' title='bbox 370 1023 444 1071; x_wconf 88' lang='lat' dir='ltr'>te,</span> <span class='ocrx_word' id='word_1_83' title='bbox 484 1012 539 1056; x_wconf 89' lang='lat' dir='ltr'>in</span> <span class='ocrx_word' id='word_1_84' title='bbox 565 1012 718 1056; x_wconf 87' lang='lat' dir='ltr'>aliam</span> <span class='ocrx_word' id='word_1_85' title='bbox 741 1012 1042 1058; x_wconf 88' lang='lat' dir='ltr'>Germaniae</span> <span class='ocrx_word' id='word_1_86' title='bbox 1064 1013 1241 1058; x_wconf 86' lang='lat' dir='ltr'>urbem</span> <span class='ocrx_word' id='word_1_87' title='bbox 1276 1014 1336 1059; x_wconf 89' lang='lat' dir='ltr'>ad</span> <span class='ocrx_word' id='word_1_88' title='bbox 1367 1014 1647 1058; x_wconf 90' lang='lat' dir='ltr'>amicorum</span> <span class='ocrx_word' id='word_1_89' title='bbox 1676 1025 1882 1059; x_wconf 90' lang='lat' dir='ltr'>tuorum</span> <span class='ocrx_word' id='word_1_90' title='bbox 1909 1016 2133 1075; x_wconf 87' lang='lat' dir='ltr'>aliquem</span> <span class='ocrx_word' id='word_1_91' title='bbox 2165 1018 2360 1078; x_wconf 89' lang='lat' dir='ltr'>mittas,</span> 
     </span>
     <span class='ocr_line' id='line_1_10' title="bbox 215 1102 2362 1168; baseline 0.003 -21"><span class='ocrx_word' id='word_1_92' title='bbox 215 1103 304 1164; x_wconf 90' lang='lat' dir='ltr'>qui</span> <span class='ocrx_word' id='word_1_93' title='bbox 327 1118 405 1147; x_wconf 90' lang='lat' dir='ltr'>eos</span> <span class='ocrx_word' id='word_1_94' title='bbox 428 1102 523 1168; x_wconf 76' lang='lat' dir='ltr'>tibi</span> <span class='ocrx_word' id='word_1_95' title='bbox 541 1102 736 1146; x_wconf 82' lang='lat' dir='ltr'>vendat.</span> <span class='ocrx_word' id='word_1_96' title='bbox 807 1103 1033 1147; x_wconf 87' lang='lat' dir='ltr'>Pretium</span> <span class='ocrx_word' id='word_1_97' title='bbox 1053 1119 1228 1147; x_wconf 87' lang='lat' dir='ltr'>eorum</span> <span class='ocrx_word' id='word_1_98' title='bbox 1251 1113 1489 1149; x_wconf 89' lang='lat' dir='ltr'>tractatus</span> <span class='ocrx_word' id='word_1_99' title='bbox 1518 1104 1725 1164; x_wconf 87' lang='lat' dir='ltr'>quidem</span> <span class='ocrx_word' id='word_1_100' title='bbox 1749 1105 1808 1149; x_wconf 88' lang='lat' dir='ltr'>de</span> <span class='ocrx_word' id='word_1_101' title='bbox 1839 1107 2072 1151; x_wconf 90' lang='lat' dir='ltr'>columba</span> <span class='ocrx_word' id='word_1_102' title='bbox 2106 1117 2205 1153; x_wconf 87' lang='lat' dir='ltr'>tres</span> <span class='ocrx_word' id='word_1_103' title='bbox 2225 1109 2362 1154; x_wconf 81' lang='lat' dir='ltr'>fran-</span> 
     </span>
     <span class='ocr_line' id='line_1_11' title="bbox 216 1192 2356 1259; baseline 0.003 -21"><span class='ocrx_word' id='word_1_104' title='bbox 216 1208 322 1251; x_wconf 90' lang='lat' dir='ltr'>cos,</span> <span class='ocrx_word' id='word_1_105' title='bbox 361 1192 598 1238; x_wconf 86' lang='lat' dir='ltr'>carminis</span> <span class='ocrx_word' id='word_1_106' title='bbox 639 1192 1041 1251; x_wconf 83' lang='lat' dir='ltr'>sesquifrancum</span> <span class='ocrx_word' id='word_1_107' title='bbox 1071 1193 1269 1237; x_wconf 85' lang='lat' dir='ltr'>circiter</span> <span class='ocrx_word' id='word_1_108' title='bbox 1288 1203 1469 1238; x_wconf 87' lang='lat' dir='ltr'>statuo.</span> <span class='ocrx_word' id='word_1_109' title='bbox 1538 1195 1632 1239; x_wconf 91' lang='lat' dir='ltr'>Per</span> <span class='ocrx_word' id='word_1_110' title='bbox 1647 1205 1880 1240; x_wconf 89' lang='lat' dir='ltr'>nostrum</span> <span class='ocrx_word' id='word_1_111' title='bbox 1909 1207 2081 1241; x_wconf 90' lang='lat' dir='ltr'>autem</span> <span class='ocrx_word' id='word_1_112' title='bbox 2109 1213 2356 1259; x_wconf 86' lang='lat' dir='ltr'>amorem,</span> 
     </span>
     <span class='ocr_line' id='line_1_12' title="bbox 211 1280 2359 1342; baseline 0.003 -14"><span class='ocrx_word' id='word_1_113' title='bbox 211 1283 287 1328; x_wconf 90' lang='lat' dir='ltr'>mi</span> <span class='ocrx_word' id='word_1_114' title='bbox 320 1282 494 1341; x_wconf 87' lang='lat' dir='ltr'>frater,</span> <span class='ocrx_word' id='word_1_115' title='bbox 543 1281 613 1325; x_wconf 91' lang='lat' dir='ltr'>eis</span> <span class='ocrx_word' id='word_1_116' title='bbox 654 1280 927 1326; x_wconf 78' lang='lat' dir='ltr'>vendendis</span> <span class='ocrx_word' id='word_1_117' title='bbox 970 1293 1175 1327; x_wconf 88' lang='lat' dir='ltr'>strenue</span> <span class='ocrx_word' id='word_1_118' title='bbox 1202 1282 1465 1342; x_wconf 84' lang='lat' dir='ltr'>incumbe,</span> <span class='ocrx_word' id='word_1_119' title='bbox 1518 1293 1670 1328; x_wconf 88' lang='lat' dir='ltr'>tuum</span> <span class='ocrx_word' id='word_1_120' title='bbox 1704 1284 1794 1329; x_wconf 87' lang='lat' dir='ltr'>illa</span> <span class='ocrx_word' id='word_1_121' title='bbox 1840 1285 2136 1332; x_wconf 81' lang='lat' dir='ltr'>existimans</span> <span class='ocrx_word' id='word_1_122' title='bbox 2183 1289 2359 1335; x_wconf 89' lang='lat' dir='ltr'>merci-</span> 
     </span>
     <span class='ocr_line' id='line_1_13' title="bbox 211 1372 2360 1435; baseline 0.003 -18"><span class='ocrx_word' id='word_1_123' title='bbox 211 1373 472 1431; x_wconf 87' lang='lat' dir='ltr'>monium,</span> <span class='ocrx_word' id='word_1_124' title='bbox 510 1387 603 1417; x_wconf 90' lang='lat' dir='ltr'>nec</span> <span class='ocrx_word' id='word_1_125' title='bbox 633 1372 692 1415; x_wconf 87' lang='lat' dir='ltr'>de</span> <span class='ocrx_word' id='word_1_126' title='bbox 716 1372 880 1431; x_wconf 87' lang='lat' dir='ltr'>pretio</span> <span class='ocrx_word' id='word_1_127' title='bbox 903 1372 1205 1431; x_wconf 88' lang='lat' dir='ltr'>aequissimo</span> <span class='ocrx_word' id='word_1_128' title='bbox 1233 1375 1505 1418; x_wconf 88' lang='lat' dir='ltr'>consultes.</span> <span class='ocrx_word' id='word_1_129' title='bbox 1578 1375 1721 1435; x_wconf 85' lang='lat' dir='ltr'>Quod</span> <span class='ocrx_word' id='word_1_130' title='bbox 1748 1376 1969 1421; x_wconf 78' lang='lat' dir='ltr'>maxime</span> <span class='ocrx_word' id='word_1_131' title='bbox 1997 1378 2181 1423; x_wconf 86' lang='lat' dir='ltr'>arridet</span> <span class='ocrx_word' id='word_1_132' title='bbox 2209 1379 2266 1423; x_wconf 88' lang='lat' dir='ltr'>in</span> <span class='ocrx_word' id='word_1_133' title='bbox 2290 1380 2360 1424; x_wconf 83' lang='lat' dir='ltr'>fe-</span> 
     </span>
     <span class='ocr_line' id='line_1_14' title="bbox 211 1461 2357 1523; baseline 0.003 -14"><span class='ocrx_word' id='word_1_134' title='bbox 211 1463 488 1509; x_wconf 90' lang='lat' dir='ltr'>stinatione</span> <span class='ocrx_word' id='word_1_135' title='bbox 521 1462 679 1505; x_wconf 85' lang='lat' dir='ltr'>situm</span> <span class='ocrx_word' id='word_1_136' title='bbox 711 1472 805 1519; x_wconf 86' lang='lat' dir='ltr'>est,</span> <span class='ocrx_word' id='word_1_137' title='bbox 844 1461 914 1506; x_wconf 88' lang='lat' dir='ltr'>ita</span> <span class='ocrx_word' id='word_1_138' title='bbox 956 1473 1013 1507; x_wconf 87' lang='lat' dir='ltr'>ut</span> <span class='ocrx_word' id='word_1_139' title='bbox 1039 1463 1419 1523; x_wconf 89' lang='lat' dir='ltr'>quamprimum</span> <span class='ocrx_word' id='word_1_140' title='bbox 1448 1463 1672 1523; x_wconf 90' lang='lat' dir='ltr'>pretium</span> <span class='ocrx_word' id='word_1_141' title='bbox 1700 1464 1832 1509; x_wconf 88' lang='lat' dir='ltr'>mihi</span> <span class='ocrx_word' id='word_1_142' title='bbox 1852 1466 2039 1513; x_wconf 84' lang='lat' dir='ltr'>mittas.</span> <span class='ocrx_word' id='word_1_143' title='bbox 2110 1469 2186 1514; x_wconf 88' lang='lat' dir='ltr'>De</span> <span class='ocrx_word' id='word_1_144' title='bbox 2204 1469 2357 1515; x_wconf 86' lang='lat' dir='ltr'>infor-</span> 
     </span>
     <span class='ocr_line' id='line_1_15' title="bbox 209 1551 2356 1620; baseline 0.003 -21"><span class='ocrx_word' id='word_1_145' title='bbox 209 1553 358 1600; x_wconf 86' lang='lat' dir='ltr'>tunio</span> <span class='ocrx_word' id='word_1_146' title='bbox 405 1552 520 1610; x_wconf 89' lang='lat' dir='ltr'>illo,</span> <span class='ocrx_word' id='word_1_147' title='bbox 575 1551 708 1610; x_wconf 89' lang='lat' dir='ltr'>quod</span> <span class='ocrx_word' id='word_1_148' title='bbox 743 1552 828 1596; x_wconf 91' lang='lat' dir='ltr'>hic</span> <span class='ocrx_word' id='word_1_149' title='bbox 871 1552 1076 1611; x_wconf 87' lang='lat' dir='ltr'>accidit,</span> <span class='ocrx_word' id='word_1_150' title='bbox 1114 1568 1289 1597; x_wconf 81' lang='lat' dir='ltr'>verum</span> <span class='ocrx_word' id='word_1_151' title='bbox 1320 1553 1581 1599; x_wconf 86' lang='lat' dir='ltr'>rescivisti.</span> <span class='ocrx_word' id='word_1_152' title='bbox 1673 1556 1868 1601; x_wconf 88' lang='lat' dir='ltr'>Mensis</span> <span class='ocrx_word' id='word_1_153' title='bbox 1885 1573 2025 1603; x_wconf 90' lang='lat' dir='ltr'>nunc</span> <span class='ocrx_word' id='word_1_154' title='bbox 2062 1569 2136 1603; x_wconf 85' lang='lat' dir='ltr'>est</span> <span class='ocrx_word' id='word_1_155' title='bbox 2166 1570 2216 1604; x_wconf 88' lang='lat' dir='ltr'>et</span> <span class='ocrx_word' id='word_1_156' title='bbox 2240 1576 2356 1620; x_wconf 88' lang='lat' dir='ltr'>qua-</span> 
     </span>
     <span class='ocr_line' id='line_1_16' title="bbox 211 1641 2352 1710; baseline 0.003 -21"><span class='ocrx_word' id='word_1_157' title='bbox 211 1641 494 1690; x_wconf 87' lang='lat' dir='ltr'>tuordecim</span> <span class='ocrx_word' id='word_1_158' title='bbox 521 1641 642 1700; x_wconf 87' lang='lat' dir='ltr'>dies,</span> <span class='ocrx_word' id='word_1_159' title='bbox 681 1642 814 1701; x_wconf 87' lang='lat' dir='ltr'>quod</span> <span class='ocrx_word' id='word_1_160' title='bbox 837 1658 862 1686; x_wconf 92' lang='lat' dir='ltr'>a</span> <span class='ocrx_word' id='word_1_161' title='bbox 885 1643 1050 1688; x_wconf 88' lang='lat' dir='ltr'>Gallia</span> <span class='ocrx_word' id='word_1_162' title='bbox 1068 1643 1152 1688; x_wconf 88' lang='lat' dir='ltr'>hic</span> <span class='ocrx_word' id='word_1_163' title='bbox 1174 1645 1437 1704; x_wconf 80' lang='lat' dir='ltr'>appulerat</span> <span class='ocrx_word' id='word_1_164' title='bbox 1460 1646 1600 1691; x_wconf 80' lang='lat' dir='ltr'>celox</span> <span class='ocrx_word' id='word_1_165' title='bbox 1626 1647 1754 1708; x_wconf 80' lang='lat'>(24),</span> <span class='ocrx_word' id='word_1_166' title='bbox 1792 1648 2120 1710; x_wconf 81' lang='lat' dir='ltr'>quadraginta</span> <span class='ocrx_word' id='word_1_167' title='bbox 2138 1660 2352 1709; x_wconf 88' lang='lat' dir='ltr'>quatuor</span> 
     </span>
     <span class='ocr_line' id='line_1_17' title="bbox 211 1732 2354 1796; baseline 0.003 -17"><span class='ocrx_word' id='word_1_168' title='bbox 211 1732 478 1780; x_wconf 87' lang='lat' dir='ltr'>tormentis</span> <span class='ocrx_word' id='word_1_169' title='bbox 507 1732 701 1776; x_wconf 84' lang='lat' dir='ltr'>bellicis</span> <span class='ocrx_word' id='word_1_170' title='bbox 742 1736 847 1793; x_wconf 86' lang='grc'>(25)</span> <span class='ocrx_word' id='word_1_171' title='bbox 885 1743 935 1777; x_wconf 90' lang='lat' dir='ltr'>et</span> <span class='ocrx_word' id='word_1_172' title='bbox 962 1735 1201 1779; x_wconf 89' lang='lat' dir='ltr'>trecentis</span> <span class='ocrx_word' id='word_1_173' title='bbox 1230 1734 1489 1796; x_wconf 80' lang='lat' dir='ltr'>sexaginta</span> <span class='ocrx_word' id='word_1_174' title='bbox 1521 1735 1815 1782; x_wconf 88' lang='lat' dir='ltr'>hominibus</span> <span class='ocrx_word' id='word_1_175' title='bbox 1840 1749 2034 1783; x_wconf 89' lang='lat' dir='ltr'>onusta.</span> <span class='ocrx_word' id='word_1_176' title='bbox 2072 1741 2207 1785; x_wconf 88' lang='lat' dir='ltr'>Haec</span> <span class='ocrx_word' id='word_1_177' title='bbox 2237 1758 2354 1787; x_wconf 87' lang='lat' dir='ltr'>cum</span> 
     </span>
     <span class='ocr_line' id='line_1_18' title="bbox 206 1823 2352 1893; baseline 0.004 -24"><span class='ocrx_word' id='word_1_178' title='bbox 206 1825 344 1887; x_wconf 84' lang='lat' dir='ltr'>ignis</span> <span class='ocrx_word' id='word_1_179' title='bbox 373 1825 636 1884; x_wconf 85' lang='lat' dir='ltr'>pulverem</span> <span class='ocrx_word' id='word_1_180' title='bbox 673 1823 777 1879; x_wconf 84' lang='lat'><strong>(26)</strong></span> <span class='ocrx_word' id='word_1_181' title='bbox 826 1824 1154 1884; x_wconf 86' lang='lat' dir='ltr'>corripuisset</span> <span class='ocrx_word' id='word_1_182' title='bbox 1177 1825 1450 1884; x_wconf 86' lang='lat' dir='ltr'>nitratum,</span> <span class='ocrx_word' id='word_1_183' title='bbox 1498 1836 1604 1870; x_wconf 89' lang='lat' dir='ltr'>tota</span> <span class='ocrx_word' id='word_1_184' title='bbox 1638 1825 1695 1871; x_wconf 88' lang='lat' dir='ltr'>in</span> <span class='ocrx_word' id='word_1_185' title='bbox 1727 1829 2163 1890; x_wconf 81' lang='lat' dir='ltr'>a&#39;e‘rem&#39;evolavit,</span> <span class='ocrx_word' id='word_1_186' title='bbox 2221 1833 2352 1893; x_wconf 89' lang='lat' dir='ltr'>quod</span> 
     </span>
     <span class='ocr_line' id='line_1_19' title="bbox 209 1913 2353 1984; baseline 0.003 -24"><span class='ocrx_word' id='word_1_187' title='bbox 209 1913 422 1961; x_wconf 84' lang='lat' dir='ltr'>dimidio</span> <span class='ocrx_word' id='word_1_188' title='bbox 453 1913 604 1958; x_wconf 89' lang='lat' dir='ltr'>horae</span> <span class='ocrx_word' id='word_1_189' title='bbox 634 1924 748 1973; x_wconf 87' lang='lat' dir='ltr'>post</span> <span class='ocrx_word' id='word_1_190' title='bbox 778 1924 980 1958; x_wconf 84' lang='lat' dir='ltr'>noctem</span> <span class='ocrx_word' id='word_1_191' title='bbox 1003 1916 1225 1960; x_wconf 89' lang='lat' dir='ltr'>mediam</span> <span class='ocrx_word' id='word_1_192' title='bbox 1259 1917 1595 1976; x_wconf 88' lang='lat' dir='ltr'>praeterlapso</span> <span class='ocrx_word' id='word_1_193' title='bbox 1621 1917 1802 1963; x_wconf 83' lang='lat' dir='ltr'>evenit.</span> <span class='ocrx_word' id='word_1_194' title='bbox 1872 1921 1979 1964; x_wconf 90' lang='lat' dir='ltr'>Deo</span> <span class='ocrx_word' id='word_1_195' title='bbox 2002 1931 2174 1965; x_wconf 88' lang='lat' dir='ltr'>autem</span> <span class='ocrx_word' id='word_1_196' title='bbox 2195 1923 2353 1984; x_wconf 83' lang='lat' dir='ltr'>gratia</span> 
     </span>
     <span class='ocr_line' id='line_1_20' title="bbox 207 2003 2355 2074; baseline 0.004 -23"><span class='ocrx_word' id='word_1_197' title='bbox 207 2015 283 2052; x_wconf 86' lang='lat' dir='ltr'>est</span> <span class='ocrx_word' id='word_1_198' title='bbox 319 2004 533 2067; x_wconf 85' lang='lat' dir='ltr'>agenda,</span> <span class='ocrx_word' id='word_1_199' title='bbox 570 2003 703 2062; x_wconf 86' lang='lat' dir='ltr'>quod</span> <span class='ocrx_word' id='word_1_200' title='bbox 728 2004 881 2060; x_wconf 84' lang='lat' dir='ltr'>hujus</span> <span class='ocrx_word' id='word_1_201' title='bbox 909 2005 1045 2050; x_wconf 86' lang='lat' dir='ltr'>urbis</span> <span class='ocrx_word' id='word_1_202' title='bbox 1072 2005 1253 2050; x_wconf 83' lang='lat' dir='ltr'>incolis</span> <span class='ocrx_word' id='word_1_203' title='bbox 1281 2006 1575 2050; x_wconf 86' lang='lat' dir='ltr'>detrimenti</span> <span class='ocrx_word' id='word_1_204' title='bbox 1604 2008 1815 2052; x_wconf 86' lang='lat' dir='ltr'>omnino</span> <span class='ocrx_word' id='word_1_205' title='bbox 1860 2011 1965 2071; x_wconf 80' lang='lat'>(27)</span> <span class='ocrx_word' id='word_1_206' title='bbox 2002 2011 2137 2056; x_wconf 86' lang='lat' dir='ltr'>nihil</span> <span class='ocrx_word' id='word_1_207' title='bbox 2170 2011 2355 2074; x_wconf 86' lang='lat' dir='ltr'>impor-</span> 
     </span>
     <span class='ocr_line' id='line_1_21' title="bbox 205 2095 2351 2161; baseline 0.003 -19"><span class='ocrx_word' id='word_1_208' title='bbox 205 2106 374 2142; x_wconf 84' lang='lat' dir='ltr'>tatum</span> <span class='ocrx_word' id='word_1_209' title='bbox 392 2103 490 2151; x_wconf 86' lang='lat' dir='ltr'>est,</span> <span class='ocrx_word' id='word_1_210' title='bbox 529 2107 585 2136; x_wconf 90' lang='lat' dir='ltr'>eo</span> <span class='ocrx_word' id='word_1_211' title='bbox 607 2101 810 2137; x_wconf 84' lang='lat' dir='ltr'>tantum</span> <span class='ocrx_word' id='word_1_212' title='bbox 840 2106 1074 2156; x_wconf 79' lang='lat' dir='ltr'>excepto,</span> <span class='ocrx_word' id='word_1_213' title='bbox 1115 2096 1248 2156; x_wconf 89' lang='lat' dir='ltr'>quod</span> <span class='ocrx_word' id='word_1_214' title='bbox 1281 2095 1340 2141; x_wconf 91' lang='lat' dir='ltr'>de</span> <span class='ocrx_word' id='word_1_215' title='bbox 1364 2098 1701 2141; x_wconf 82' lang='lat' dir='ltr'>fenestrarum</span> <span class='ocrx_word' id='word_1_216' title='bbox 1734 2098 1863 2142; x_wconf 86' lang='lat' dir='ltr'>vitro</span> <span class='ocrx_word' id='word_1_217' title='bbox 1902 2102 1972 2161; x_wconf 84' lang='lat'>(7)</span> <span class='ocrx_word' id='word_1_218' title='bbox 2008 2102 2226 2147; x_wconf 87' lang='lat' dir='ltr'>fractum</span> <span class='ocrx_word' id='word_1_219' title='bbox 2264 2115 2351 2148; x_wconf 90' lang='lat' dir='ltr'>est.</span> 
     </span>
     <span class='ocr_line' id='line_1_22' title="bbox 205 2182 2348 2252; baseline 0.003 -22"><span class='ocrx_word' id='word_1_220' title='bbox 205 2187 272 2230; x_wconf 88' lang='lat' dir='ltr'>At</span> <span class='ocrx_word' id='word_1_221' title='bbox 294 2200 320 2229; x_wconf 88' lang='lat' dir='ltr'>e</span> <span class='ocrx_word' id='word_1_222' title='bbox 344 2182 640 2228; x_wconf 84' lang='lat' dir='ltr'>miserandis</span> <span class='ocrx_word' id='word_1_223' title='bbox 662 2182 794 2243; x_wconf 86' lang='lat' dir='ltr'>illis,</span> <span class='ocrx_word' id='word_1_224' title='bbox 831 2185 994 2244; x_wconf 83' lang='lat' dir='ltr'>quiin</span> <span class='ocrx_word' id='word_1_225' title='bbox 1020 2202 1145 2231; x_wconf 87' lang='lat' dir='ltr'>nave</span> <span class='ocrx_word' id='word_1_226' title='bbox 1174 2188 1637 2247; x_wconf 85' lang='lat' dir='ltr'>commorabantur,</span> <span class='ocrx_word' id='word_1_227' title='bbox 1675 2204 1826 2232; x_wconf 88' lang='lat' dir='ltr'>nemo</span> <span class='ocrx_word' id='word_1_228' title='bbox 1858 2190 2028 2250; x_wconf 85' lang='lat' dir='ltr'>evasit,</span> <span class='ocrx_word' id='word_1_229' title='bbox 2066 2191 2200 2236; x_wconf 87' lang='lat' dir='ltr'>inter</span> <span class='ocrx_word' id='word_1_230' title='bbox 2227 2208 2348 2252; x_wconf 88' lang='lat' dir='ltr'>quos</span> 
     </span>
     <span class='ocr_line' id='line_1_23' title="bbox 207 2273 2349 2337; baseline 0.004 -18"><span class='ocrx_word' id='word_1_231' title='bbox 207 2274 444 2319; x_wconf 87' lang='lat' dir='ltr'>mulieres</span> <span class='ocrx_word' id='word_1_232' title='bbox 483 2273 637 2318; x_wconf 88' lang='lat' dir='ltr'>etiam</span> <span class='ocrx_word' id='word_1_233' title='bbox 694 2277 974 2320; x_wconf 88' lang='lat' dir='ltr'>nonnullae</span> <span class='ocrx_word' id='word_1_234' title='bbox 1015 2277 1239 2322; x_wconf 83' lang='lat' dir='ltr'>fuerunt.</span> <span class='ocrx_word' id='word_1_235' title='bbox 1309 2280 1443 2323; x_wconf 89' lang='lat' dir='ltr'>Haec</span> <span class='ocrx_word' id='word_1_236' title='bbox 1490 2289 1626 2336; x_wconf 88' lang='lat' dir='ltr'>sunt,</span> <span class='ocrx_word' id='word_1_237' title='bbox 1666 2294 1794 2337; x_wconf 87' lang='lat' dir='ltr'>quae</span> <span class='ocrx_word' id='word_1_238' title='bbox 1832 2295 1972 2325; x_wconf 89' lang='lat' dir='ltr'>nunc</span> <span class='ocrx_word' id='word_1_239' title='bbox 2000 2282 2095 2326; x_wconf 86' lang='lat' dir='ltr'>tibi</span> <span class='ocrx_word' id='word_1_240' title='bbox 2137 2283 2349 2328; x_wconf 89' lang='lat' dir='ltr'>scribere</span> 
     </span>
     <span class='ocr_line' id='line_1_24' title="bbox 205 2364 2340 2430; baseline 0.004 -21"><span class='ocrx_word' id='word_1_241' title='bbox 205 2379 427 2426; x_wconf 87' lang='lat' dir='ltr'>possum.</span> <span class='ocrx_word' id='word_1_242' title='bbox 466 2364 634 2408; x_wconf 89' lang='lat' dir='ltr'>Deum</span> <span class='ocrx_word' id='word_1_243' title='bbox 670 2378 782 2423; x_wconf 91' lang='lat' dir='ltr'>or0,</span> <span class='ocrx_word' id='word_1_244' title='bbox 812 2375 871 2410; x_wconf 92' lang='lat' dir='ltr'>ut</span> <span class='ocrx_word' id='word_1_245' title='bbox 897 2381 979 2410; x_wconf 89' lang='lat' dir='ltr'>me</span> <span class='ocrx_word' id='word_1_246' title='bbox 1006 2366 1366 2426; x_wconf 87' lang='lat' dir='ltr'>optimumtibi</span> <span class='ocrx_word' id='word_1_247' title='bbox 1396 2378 1802 2430; x_wconf 84' lang='lat' dir='ltr'>comprecantem</span> <span class='ocrx_word' id='word_1_248' title='bbox 1825 2371 2072 2418; x_wconf 82' lang='lat' dir='ltr'>exaudiat.</span> <span class='ocrx_word' id='word_1_249' title='bbox 2112 2373 2340 2417; x_wconf 84' lang='lat' dir='ltr'>Salutem</span> 
     </span>
    </p>
   </div>
   <div class='ocr_carea' id='block_1_3' title="bbox 207 2452 2049 2612">
    <p class='ocr_par' dir='ltr' id='par_1_3' title="bbox 207 2452 2049 2612">
     <span class='ocr_line' id='line_1_25' title="bbox 207 2452 1405 2516; baseline 0.002 -15"><span class='ocrx_word' id='word_1_250' title='bbox 207 2454 571 2516; x_wconf 87' lang='lat' dir='ltr'>sempiternam</span> <span class='ocrx_word' id='word_1_251' title='bbox 599 2453 694 2498; x_wconf 89' lang='lat' dir='ltr'>tibi</span> <span class='ocrx_word' id='word_1_252' title='bbox 725 2452 850 2498; x_wconf 87' lang='lat' dir='ltr'>dicit</span> <span class='ocrx_word' id='word_1_253' title='bbox 874 2456 1064 2502; x_wconf 90' lang='lat' dir='ltr'>amicus</span> <span class='ocrx_word' id='word_1_254' title='bbox 1093 2467 1212 2502; x_wconf 90' lang='lat' dir='ltr'>tuus</span> <span class='ocrx_word' id='word_1_255' title='bbox 1251 2458 1309 2503; x_wconf 90' lang='lat' dir='ltr'>N.</span> <span class='ocrx_word' id='word_1_256' title='bbox 1347 2459 1405 2503; x_wconf 90' lang='lat' dir='ltr'>N.</span> 
     </span>
     <span class='ocr_line' id='line_1_26' title="bbox 341 2543 2049 2612; baseline 0.004 -22"><span class='ocrx_word' id='word_1_257' title='bbox 341 2545 534 2590; x_wconf 87' lang='lat' dir='ltr'>Datum</span> <span class='ocrx_word' id='word_1_258' title='bbox 571 2543 650 2588; x_wconf 87' lang='lat' dir='ltr'>die</span> <span class='ocrx_word' id='word_1_259' title='bbox 681 2543 868 2590; x_wconf 84' lang='lat' dir='ltr'>XXVII</span> <span class='ocrx_word' id='word_1_260' title='bbox 896 2547 1123 2592; x_wconf 85' lang='lat' dir='ltr'>Octobris</span> <span class='ocrx_word' id='word_1_261' title='bbox 1152 2547 1274 2592; x_wconf 88' lang='lat' dir='ltr'>anni</span> <span class='ocrx_word' id='word_1_262' title='bbox 1293 2549 1627 2595; x_wconf 82' lang='lat' dir='ltr'>MDCCCXII</span> <span class='ocrx_word' id='word_1_263' title='bbox 1662 2550 1890 2612; x_wconf 84' lang='lat' dir='ltr'>Tergesti</span> <span class='ocrx_word' id='word_1_264' title='bbox 1912 2552 2049 2597; x_wconf 76' lang='lat' dir='ltr'>urbe,</span> 
     </span>
    </p>
   </div>
   <div class='ocr_carea' id='block_1_4' title="bbox 202 2726 2349 2974">
    <p class='ocr_par' dir='ltr' id='par_1_4' title="bbox 202 2726 2349 2974">
     <span class='ocr_line' id='line_1_27' title="bbox 403 2726 2347 2795; baseline 0.006 -24"><span class='ocrx_word' id='word_1_265' title='bbox 403 2726 515 2786; x_wconf 88' lang='lat' dir='ltr'>„Mi</span> <span class='ocrx_word' id='word_1_266' title='bbox 542 2727 716 2772; x_wconf 83' lang='lat' dir='ltr'>frater!</span> <span class='ocrx_word' id='word_1_267' title='bbox 789 2729 1009 2774; x_wconf 78' lang='lat' dir='ltr'>narravit</span> <span class='ocrx_word' id='word_1_268' title='bbox 1029 2730 1162 2775; x_wconf 90' lang='lat' dir='ltr'>mihi</span> <span class='ocrx_word' id='word_1_269' title='bbox 1184 2731 1378 2776; x_wconf 87' lang='lat' dir='ltr'>amicus</span> <span class='ocrx_word' id='word_1_270' title='bbox 1398 2731 1540 2790; x_wconf 90' lang='lat' dir='ltr'>N.N.,</span> <span class='ocrx_word' id='word_1_271' title='bbox 1578 2746 1630 2777; x_wconf 89' lang='lat' dir='ltr'>se</span> <span class='ocrx_word' id='word_1_272' title='bbox 1657 2746 1842 2795; x_wconf 83' lang='lat' dir='ltr'>magno</span> <span class='ocrx_word' id='word_1_273' title='bbox 1859 2733 2221 2781; x_wconf 75' lang='lat' dir='ltr'>familiaritatis</span> <span class='ocrx_word' id='word_1_274' title='bbox 2250 2752 2347 2782; x_wconf 91' lang='lat' dir='ltr'>usu</span> 
     </span>
     <span class='ocr_line' id='line_1_28' title="bbox 203 2819 2349 2887; baseline 0.005 -25"><span class='ocrx_word' id='word_1_275' title='bbox 203 2826 410 2877; x_wconf 84' lang='lat' dir='ltr'>„tecum</span> <span class='ocrx_word' id='word_1_276' title='bbox 431 2819 766 2875; x_wconf 82' lang='lat' dir='ltr'>conjunctum</span> <span class='ocrx_word' id='word_1_277' title='bbox 791 2834 921 2878; x_wconf 88' lang='lat' dir='ltr'>esse,</span> <span class='ocrx_word' id='word_1_278' title='bbox 958 2820 1203 2881; x_wconf 89' lang='lat' dir='ltr'>binasque</span> <span class='ocrx_word' id='word_1_279' title='bbox 1220 2831 1331 2866; x_wconf 89' lang='lat' dir='ltr'>tuas</span> <span class='ocrx_word' id='word_1_280' title='bbox 1355 2822 1574 2866; x_wconf 85' lang='lat' dir='ltr'>ostendit</span> <span class='ocrx_word' id='word_1_281' title='bbox 1587 2825 1690 2878; x_wconf 84' lang='lat'>(28)</span> <span class='ocrx_word' id='word_1_282' title='bbox 1729 2824 1939 2883; x_wconf 79' lang='lat' dir='ltr'>litteras,</span> <span class='ocrx_word' id='word_1_283' title='bbox 1979 2826 2039 2870; x_wconf 90' lang='lat' dir='ltr'>de</span> <span class='ocrx_word' id='word_1_284' title='bbox 2067 2828 2247 2887; x_wconf 88' lang='lat' dir='ltr'>quibus</span> <span class='ocrx_word' id='word_1_285' title='bbox 2271 2844 2349 2873; x_wconf 87' lang='lat' dir='ltr'>ve·</span> 
     </span>
     <span class='ocr_line' id='line_1_29' title="bbox 202 2907 2347 2974; baseline 0.006 -22"><span class='ocrx_word' id='word_1_286' title='bbox 202 2907 502 2966; x_wconf 87' lang='lat' dir='ltr'>„hementer</span> <span class='ocrx_word' id='word_1_287' title='bbox 515 2907 672 2970; x_wconf 81' lang='lat' dir='ltr'>gavisi</span> <span class='ocrx_word' id='word_1_288' title='bbox 692 2924 867 2953; x_wconf 88' lang='lat' dir='ltr'>sumus</span> <span class='ocrx_word' id='word_1_289' title='bbox 906 2911 1026 2968; x_wconf 84' lang='lat'>(23).</span> <span class='ocrx_word' id='word_1_290' title='bbox 1063 2910 1138 2955; x_wconf 88' lang='lat' dir='ltr'>Sis</span> <span class='ocrx_word' id='word_1_291' title='bbox 1160 2926 1275 2974; x_wconf 84' lang='lat' dir='ltr'>ergo</span> <span class='ocrx_word' id='word_1_292' title='bbox 1299 2922 1349 2956; x_wconf 88' lang='lat' dir='ltr'>et</span> <span class='ocrx_word' id='word_1_293' title='bbox 1367 2921 1538 2956; x_wconf 83' lang='lat' dir='ltr'>noster</span> <span class='ocrx_word' id='word_1_294' title='bbox 1554 2912 1718 2957; x_wconf 90' lang='lat' dir='ltr'>socius</span> <span class='ocrx_word' id='word_1_295' title='bbox 1747 2924 1797 2958; x_wconf 87' lang='lat' dir='ltr'>et</span> <span class='ocrx_word' id='word_1_296' title='bbox 1816 2914 2022 2960; x_wconf 82' lang='lat' dir='ltr'>amicus,</span> <span class='ocrx_word' id='word_1_297' title='bbox 2095 2919 2239 2963; x_wconf 89' lang='lat' dir='ltr'>Certe</span> <span class='ocrx_word' id='word_1_298' title='bbox 2275 2921 2347 2974; x_wconf 86' lang='lat'>(8)</span> 
     </span>
    </p>
   </div>
   <div class='ocr_carea' id='block_1_5' title="bbox 202 2999 2343 3064">
    <p class='ocr_par' dir='ltr' id='par_1_5' title="bbox 202 2999 2343 3064">
     <span class='ocr_line' id='line_1_30' title="bbox 202 2999 2343 3064; baseline 0.005 -22"><span class='ocrx_word' id='word_1_299' title='bbox 202 3012 396 3059; x_wconf 90' lang='lat' dir='ltr'>„sper0,</span> <span class='ocrx_word' id='word_1_300' title='bbox 410 3008 468 3043; x_wconf 84' lang='lat' dir='ltr'>ut</span> <span class='ocrx_word' id='word_1_301' title='bbox 481 2999 680 3059; x_wconf 86' lang='lat' dir='ltr'>quando</span> <span class='ocrx_word' id='word_1_302' title='bbox 707 3000 979 3063; x_wconf 85' lang='lat' dir='ltr'>contigerit</span> <span class='ocrx_word' id='word_1_303' title='bbox 998 3001 1206 3062; x_wconf 86' lang='lat' dir='ltr'>occasio,</span> <span class='ocrx_word' id='word_1_304' title='bbox 1226 3012 1561 3047; x_wconf 87' lang='lat' dir='ltr'>mercaturam</span> <span class='ocrx_word' id='word_1_305' title='bbox 1581 3003 1804 3064; x_wconf 87' lang='lat' dir='ltr'>aliquam</span> <span class='ocrx_word' id='word_1_306' title='bbox 1826 3004 2013 3051; x_wconf 74' lang='lat' dir='ltr'>facturi</span> <span class='ocrx_word' id='word_1_307' title='bbox 2031 3008 2189 3053; x_wconf 88' lang='lat' dir='ltr'>simus</span> <span class='ocrx_word' id='word_1_308' title='bbox 2219 3017 2343 3053; x_wconf 85' lang='lat' dir='ltr'>mer-</span> 
     </span>
    </p>
   </div>
  </div>
 </body>
</html>
