2635 3413
1122 219 1263 237 mm
1333 210 1399 261 24
1466 219 1609 239 m

439 328 584 375 Nunc
613 339 782 375 autem
812 328 904 375 tibi
934 317 1182 375 scribendi
1205 345 1405 374 causam
1433 329 1571 376 dedit
1599 331 1813 392 festum,
1851 331 1935 378 cui
1961 333 2426 396 appropinquamus

303 427 417 465 tum
444 419 721 465 nativitatis
746 419 955 465 Domini
990 419 1147 463 nostri
1167 421 1282 464 Jesu
1311 418 1526 478 Christi,
1564 420 1649 465 cui
1678 421 1746 466 sit
1773 422 1949 483 gloria,
1982 433 2097 468 tum
2132 425 2249 469 novi
2284 424 2423 473 anni.
2467 455 2476 467 x

303 509 468 567 Atque
491 508 674 553 idcirco
706 510 934 554 officium
963 517 1191 552 nostrum
1226 517 1551 566 exsequentes
1581 509 1642 554 de
1677 510 1816 555 hisce
1841 511 1982 557 festis
2013 512 2297 558 illustribus
2328 512 2427 559 tibi

304 598 640 658 gratulamur,
678 607 827 656 teque
856 597 1240 657 complectimur
1262 606 1313 641 et
1333 598 1503 642 osculo
1522 597 1740 644 fraterno
1769 599 1914 645 corde
1934 603 2239 662 osculamuS,
2276 617 2331 647 ac
2353 600 2424 648 di·

305 684 489 730 cimus:
528 687 700 745 quovis
719 701 849 732 anno
871 670 1049 730 fruaris
1069 687 1230 730 salute
1259 686 1453 745 optima
1473 696 1522 732 et
1555 688 1973 748 amoenitatibus,
2008 691 2198 735 multos
2219 690 2427 751 quidem

306 788 395 836 per
411 789 565 820 annos
596 775 796 834 diesque
824 774 1167 836 longissimos,
1207 785 1257 819 et
1283 776 1517 821 omnibus
1550 777 1807 823 attributis
1835 778 2173 824 laudabilibus
2193 778 2423 841 gaudeaS.

308 864 443 908 Deus
464 865 517 909 O.
539 864 608 908 M.
632 874 678 907 te
696 864 856 907 vivere
877 863 1052 921 faciat,
1089 863 1345 923 vitamque
1363 874 1505 909 tuam
1540 866 1672 911 salvo
1692 865 1788 911 tibi
1819 877 1869 912 et
1896 868 2145 914 incolumi
2165 869 2423 928 proroget!

305 953 477 996 Amen.
546 953 798 1012 Rogamus
830 962 887 996 ut
914 952 1290 1000 venerationem
1317 964 1538 1000 nostram
1563 971 1683 1001 cum
1701 956 1844 1001 omni
1864 957 2175 1003 observantia
2194 955 2427 1018 dignissi-

305 1055 414 1085 mae
437 1052 549 1085 tuae
575 1042 795 1103 conjugi,
833 1039 1065 1086 dominae
1082 1043 1367 1089 reconditae
1389 1043 1621 1104 filiaeque
1639 1045 1914 1093 custoditae
1935 1057 2104 1092 nostro
2125 1043 2334 1093 nomine
2355 1043 2426 1091 of-

306 1129 451 1185 feras,
489 1129 658 1193 eisque
684 1130 743 1175 de
774 1131 919 1177 dictis
943 1132 1084 1177 festis
1106 1132 1386 1194 gratuleris,
1456 1133 1641 1179 Itidem
1666 1136 1852 1191 conjux
1878 1151 1990 1191 mea
2010 1145 2060 1181 et
2082 1136 2216 1181 filiae
2234 1145 2285 1180 te
2299 1135 2428 1182 salu·

307 1228 441 1273 tant,
479 1219 783 1268 desiderium
809 1235 960 1273 suum
993 1231 1323 1271 asseverantes
1357 1232 1407 1268 et
1427 1225 1745 1285 gratulantur
1770 1235 1829 1270 ut
1855 1239 2017 1284 supra.
2087 1225 2209 1274 Vale
2228 1224 2285 1271 in
2303 1238 2428 1271 sem·

305 1309 585 1368 piternurn!
1820 1315 2130 1362 Johannes
2170 1314 2228 1360 N.

438 1398 652 1445 Liburni
672 1400 814 1462 urbe,
849 1400 1014 1462 primo
1042 1400 1266 1449 Januarii
1289 1400 1369 1447 die
1389 1402 1511 1447 anni
1530 1403 1895 1449 MDCCCXXI.

1282 1745 1438 1836 XIV.

572 1908 765 1964 Gratia
795 1907 991 1962 divina
1033 1920 1089 1962 et
1116 1909 1449 1966 benedictio
1512 1909 1795 1979 coelesti5‚
1839 1910 2151 1969 descendet
2182 1912 2427 1986 beetque

721 2005 902 2062 filium
926 2018 1189 2066 nostrum
1214 2010 1570 2066 carissimum
1599 2009 1970 2081 spiritualem,
1996 2010 2285 2067 eruditum
2305 2013 2428 2085 (92)

719 2104 786 2158 N.
827 2103 1365 2174 honoratissimum,
1418 2108 1514 2161 cui
1539 2107 1822 2161 Dominus
1843 2108 1995 2162 Deus
2016 2106 2426 2163 benedictione

723 2200 966 2270 coelesti·
990 2201 1300 2258 benedicat
1337 2214 1392 2257 et
1441 2222 1472 2257 a
1508 2222 1623 2276 quo
1663 2217 1875 2259 avertat
1911 2205 2127 2260 malum
2167 2207 2437 2290 omnium

727 2296 1112 2355 calamitatum
1131 2302 1548 2356 intercessione
1566 2290 1573 2297 ’
1588 2303 1781 2359 matris
1801 2302 1935 2370 Dei,
1975 2303 2216 2378 virginis
2234 2321 2430 2378 purae,

723 2393 922 2457 Sancti
942 2396 1119 2466 Petri,
1162 2409 1218 2454 et
1237 2400 1502 2454 omnium
1534 2398 1896 2455 Sanctorum.
1992 2401 2196 2458 Amen.

313 2531 490 2603 Causa
520 2561 765 2609 scribendi
787 2565 910 2610 haec
941 2575 1066 2624 erat,
1104 2575 1164 2614 ut
1188 2576 1238 2611 te
1265 2567 1614 2618 benedictione
1643 2566 1970 2629 impertirem.
2042 2572 2176 2618 Tum
2204 2575 2326 2623 scias
2348 2592 2430 2624 me

313 2648 557 2707 accepisse
589 2663 637 2697 et
667 2654 845 2715 legisse
880 2655 1148 2715 epistolam
1174 2666 1338 2716 tuam,
1397 2658 1539 2714 cujus
1579 2669 1876 2720 argumento
1913 2661 2126 2724 cognito·
2159 2663 2431 2712 creatorem

315 2735 372 2779 O.
394 2737 465 2781 M.
501 2738 560 2783 de
578 2740 774 2804 integra
796 2745 954 2791 salute
976 2755 1065 2792 tua
1090 2745 1305 2799 laudavi.
1375 2746 1511 2794 Deus
1529 2747 1826 2794 felicitatem
1846 2754 1988 2796 tuam
2007 2750 2263 2813 adaugeat,
2300 2755 2432 2814 quod

317 2824 398 2882 (92
415 2828 462 2879 ²⁸¹)
499 2826 555 2874 in
577 2833 815 2879 memoria
842 2843 930 2879 tua
944 2835 1199 2895 permansi
1219 2846 1270 2882 et
1289 2835 1344 2887 in
1368 2835 1755 2898 cogitationibus
1779 2837 1881 2886 tuis
1901 2838 2026 2885 vive.
2062 2840 2192 2887 Nam
2212 2853 2434 2890 moestus

320 2908 527 2973 injuria,
564 2931 662 2978 qua
687 2922 923 2980 expulsus
949 2939 1084 2986 sum,
1121 2926 1278 2973 tristis
1309 2935 1359 2971 et
1385 2925 1555 2973 animo
1573 2927 1759 2973 fractus
1784 2928 1841 2974 ab
1863 2927 1948 2990 iis,
1985 2930 2074 2990 qui
2089 2945 2250 2993 neque
2266 2933 2434 2991 Deum
