2635 3413
1107 258 1248 277 “s
1324 252 1340 283 1
1353 248 1382 281 2
1453 254 1594 272 κων

486 375 697 421 Librum
723 370 1095 434 proverbiorum
1124 368 1426 413 usitatorum
1456 379 1515 409 eo
1548 380 1646 425 quo
1671 360 1874 411 mecum
1902 368 2182 414 convenisti
2226 383 2276 414 es
2312 382 2420 430 pre-

287 467 360 513 tio
387 466 479 511 tibi
514 466 731 509 mittam.
801 446 984 507 Iiidem
1018 457 1354 520 syngrapham
1393 454 1476 514 (56
1491 453 1542 510 *)
1576 455 1747 515 accepi
1782 454 1842 500 de
1873 457 2177 504 CCCCXVII
2216 457 2420 509 florenis

286 568 336 603 et
367 556 458 601 XX
493 553 786 614 crucigeris,
823 562 872 595 et
901 549 1028 606 vidi,
1065 558 1124 592 ut
1157 556 1213 591 tu
1244 544 1452 604 quidem
1489 553 1636 588 antea
1672 543 1804 588 mihi
1835 545 2182 606 nuntiaveras,
2217 546 2423 593 vesirum

290 646 452 708 pretio
488 644 674 688 Haririi
712 641 845 686 nihil
882 637 1140 683 addidisse.
1209 636 1494 696 Argentum
1528 633 1661 678 mihi
1697 632 1872 678 datum
1908 643 1984 678 est
2019 649 2047 678 a
2089 636 2319 701 Chavaga
2360 636 2421 683 N.

290 739 424 781 Deus
457 746 595 778 tuam
625 743 672 776 et
700 733 803 787 ejus
823 730 1037 772 salutem
1069 725 1338 786 adaugeat!
1378 726 1512 785 (57).
1582 723 1697 768 Cras
1719 722 1765 768 ei
1800 722 1992 768 tradam
2018 723 2206 770 librum
2226 739 2422 785 prover·

286 824 484 869 biorum
511 834 559 866 et
593 820 855 865 historiam
890 816 1006 875 equi
1029 815 1297 860 Maimoun
1333 816 1466 873 (58),
1523 828 1616 858 nec
1651 827 1755 856 non
1792 812 1982 857 librum
2013 813 2326 874 ineptiarum
2363 813 2422 860 in

290 911 625 958 Karakouschi
661 913 765 968 (59)
803 905 1028 963 judiciis,
1074 903 1368 964 quindecim
1393 903 1789 948 historiunculas
1820 901 1980 947 risum
2004 914 2259 948 moventes
2289 917 2422 949 com-

286 1006 603 1064 plectentem.
675 999 899 1058 Quorum
937 1009 1137 1040 summa
1166 993 1323 1039 efficit
1354 1008 1439 1036 sex
1470 992 1701 1054 plagulas
1728 1001 1778 1036 et
1804 991 2104 1051 dimidium,
2143 993 2417 1054 decemque

288 1089 484 1137 florenis
514 1097 727 1145 constat,
764 1087 965 1148 singula
996 1085 1203 1145 plagula
1237 1093 1452 1142 quatuor
1473 1081 1674 1126 Francis
1704 1080 1978 1126 aestimatis
1997 1116 2012 1141 ,
2058 1098 2178 1142 quas
2206 1098 2292 1128 sex
2318 1084 2423 1144 pla·
2455 1080 2457 1082 ’

288 1182 427 1242 gulas
472 1177 674 1236 quidem
702 1191 791 1237 pro
817 1175 989 1220 decem
1014 1174 1118 1219 illis
1149 1172 1351 1219 florenis
1377 1187 1481 1217 esse
1510 1173 1622 1217 volo
1638 1206 1652 1232 ,
1690 1186 1909 1231 quorum
1929 1185 2018 1231 pro
2038 1171 2162 1217 cista
2185 1187 2423 1234 expenso·

289 1284 400 1314 rum
418 1267 663 1312 rationem
681 1265 972 1310 exhibuisti.
1041 1265 1169 1309 Nam
1189 1264 1284 1308 hoc
1306 1273 1356 1308 te
1378 1277 1482 1308 non
1502 1271 1715 1323 oportet.
1782 1260 1980 1321 Accipis
2002 1260 2181 1323 igitur,
2222 1278 2340 1309 cum
2359 1263 2423 1309 li-

288 1360 372 1402 bro
392 1356 788 1417 proverbiorum,
826 1355 880 1399 in
907 1354 1201 1399 universum
1226 1351 1548 1413 undev1ginti
1568 1353 1796 1414 plagulas
1820 1362 1871 1396 et
1895 1350 2189 1412 dimidium,
2223 1362 2286 1398 ut
2301 1352 2423 1398 adeo

290 1448 496 1509 triginta
517 1447 648 1490 mihi
680 1445 849 1490 debeas
877 1447 1105 1490 florenos,
1174 1442 1317 1505 Quod
1338 1456 1451 1487 vero
1478 1441 1571 1486 tibi
1595 1442 1778 1486 redibit
1808 1441 2053 1501 pecuniae
2076 1440 2209 1487 mihi
2231 1442 2423 1487 solven-

291 1539 402 1594 dae,
441 1537 491 1580 id
523 1536 652 1596 apud
683 1546 732 1580 te
758 1535 995 1594 retineaS,
1033 1534 1138 1590 (60)
1175 1533 1330 1578 donec
1353 1531 1475 1592 quid
1497 1545 1611 1593 agas
1643 1530 1738 1575 tibi
1759 1531 2100 1576 indicaverim.
2170 1532 2421 1591 Respectu
2460 1536 2465 1541 '

290 1626 406 1671 libri
438 1626 558 1670 dicti
595 1625 916 1670 scientiarum
943 1624 1150 1669 detectio
1186 1623 1291 1680 (61)
1327 1637 1478 1682 quem
1515 1620 1808 1680 concupivit
1841 1621 2043 1679 visirus,
2090 1621 2201 1680 qui,
2239 1634 2422 1679 quaeso

291 1716 362 1759 mi
394 1715 564 1771 frater,
610 1717 737 1759 velle
763 1726 929 1775 poteS,
988 1714 1094 1771 (62)
1139 1724 1198 1758 ut
1227 1712 1501 1773 pecuniam
1531 1725 1754 1772 erogem,
1798 1719 2065 1770 totumque
2092 1711 2299 1755 fortasse
2333 1724 2423 1770 per

291 1820 483 1849 annum
511 1804 782 1848 desiderem
793 1821 807 1862 3
843 1821 962 1849 nam
982 1804 1222 1861 istorum,
1255 1817 1375 1861 quos
1407 1800 1678 1846 vendidisti
1699 1800 1964 1858 librorum,
2003 1800 2126 1844 dum
2148 1799 2289 1845 venit
2314 1814 2421 1860 pre-

291 1895 444 1951 tium,
483 1895 672 1938 diutius
697 1909 850 1952 quam
875 1905 972 1939 tres
994 1908 1190 1938 menses
1215 1891 1509 1952 exspectavi.
1579 1889 1711 1951 Quid
1734 1899 1846 1932 tum
1869 1890 1911 1934 si
1934 1891 2134 1934 Tunete
2161 1887 2424 1934 miserim?

291 1986 540 2038 Attamen,
578 1984 833 2028 occasione
859 1984 1034 2042 oblata,
1071 1998 1176 2027 non
1197 1982 1392 2027 cessabo
1408 1981 1624 2025 mittere.
1694 1978 1847 2023 Modo
1884 1977 1988 2037 (63)
2025 1994 2195 2024 vereor
2219 1978 2421 2025 tardum

292 2073 441 2132 pretii
471 2073 530 2116 ad
560 2051 640 2116 me
667 2088 931 2117 accessum.
1001 2072 1257 2133 Quidquid
1280 2071 1482 2116 mittam
1501 2070 1554 2115 id
1578 2084 1668 2131 per
1703 2069 1962 2130 Chavagae
1982 2069 2039 2113 N.
2077 2084 2288 2114 manum
2309 2068 2419 2126 fiet,

294 2163 434 2218 cujus
463 2172 517 2206 tu
547 2163 600 2206 in
629 2163 810 2206 litteris
838 2162 1009 2206 dandis
1035 2161 1215 2206 itidem
1243 2176 1391 2220 opera
1411 2170 1575 2218 utere,
1612 2174 1732 2218 quas
1756 2159 1930 2203 mittet
1958 2157 2061 2204 sive
2083 2173 2170 2218 per
2185 2157 2420 2203 Melitem

295 2250 395 2295 sive
426 2267 514 2310 per
541 2251 841 2296 Liburnum.
919 2252 1061 2312 Quod
1088 2252 1131 2296 si
1162 2266 1274 2295 vero
1303 2250 1510 2295 inventa
1533 2248 1689 2294 fuerit
1721 2247 1861 2292 navis
1895 2257 2028 2292 recta
2057 2248 2137 2292 via
2165 2249 2422 2293 Tunetem

294 2352 491 2401 petenS,
528 2342 620 2386 hac
659 2351 717 2385 ut
755 2356 858 2399 eas,
893 2343 1146 2386 Tunetem
1172 2341 1345 2385 mittat
1376 2340 1422 2383 ei
1449 2338 1644 2383 scribas.
1715 2339 1971 2382 Praeterea
2008 2337 2132 2382 scias
2173 2337 2420 2396 linteum,

299 2431 496 2474 collaria
528 2441 576 2474 et
606 2431 938 2490 emunctoria,
976 2447 1104 2490 quae
1135 2446 1163 2475 a
1191 2441 1241 2476 te
1263 2429 1456 2489 accepi,
1493 2443 1576 2473 me
1601 2427 1877 2473 ostendisse
1897 2428 2114 2471 Arabum
2143 2426 2422 2472 occidenta-

298 2518 425 2562 lium
455 2521 777 2578 quibusdam,
814 2521 901 2580 qui
932 2521 1077 2566 mille
1103 2521 1290 2582 regales
1329 2534 1501 2564 aureos
1539 2517 1643 2580 (64)
1679 2533 1730 2563 se
1757 2517 1853 2562 tibi
1880 2517 2119 2563 missuros
2152 2531 2256 2562 esse
2288 2516 2421 2563 dixe·

300 2618 429 2662 runt,
464 2619 522 2652 ut
539 2610 756 2654 linteum
779 2611 846 2654 eis
869 2626 1070 2655 emeres.
1143 2610 1236 2655 Sed
1257 2611 1351 2655 hoc
1372 2608 1480 2653 fieri
1501 2622 1605 2652 non
1624 2622 1767 2668 posse
1787 2603 1907 2665 dixi,
1944 2606 2132 2665 quippe
2148 2605 2281 2665 quod
2297 2604 2420 2650 ami-

301 2694 344 2737 ci
372 2696 474 2738 mei
503 2698 592 2741 hac
619 2698 678 2742 de
706 2715 756 2742 re
783 2702 1090 2759 explorarem
1109 2700 1429 2744 sententiam.
1500 2696 1643 2758 Quod
1663 2711 1807 2758 aegre
1828 2696 2042 2740 ferentes
2066 2695 2164 2740 alia
2186 2704 2420 2742 emerunt

300 2785 654 2844 mercimonia,
694 2788 936 2833 dicentes:
1005 2788 1204 2848 „scribe
1243 2788 1404 2832 amico
1444 2797 1555 2846 tuo,
1592 2801 1682 2831 nos
1720 2786 1790 2844 ei,
1828 2785 1871 2830 si
1899 2785 2008 2830 fieri
2045 2785 2203 2845 possit
2236 2794 2296 2830 ut
2322 2785 2419 2832 lin-

302 2880 441 2915 teum
472 2874 570 2918 huc
599 2876 946 2934 perferendum
980 2878 1084 2936 det,
1131 2887 1396 2938 argentum
1421 2891 1523 2921 esse
1553 2876 1808 2922 missuros,
1877 2875 2127 2920 Mercator
2147 2875 2301 2920 etiam
2332 2874 2419 2921 ist·

302 2958 386 3005 hic
424 2961 627 3021 aliquis,
663 2964 735 3009 mi
767 2965 938 3027 frater,
998 2965 1266 3025 quinquies
1309 2965 1453 3010 mille
1489 2965 1675 3011 obtulit
1709 2965 1942 3024 florenos,
1984 2973 2042 3008 ut
2086 2962 2416 3008 mercimonia
