2635 3413
966 270 1110 290 §w
1185 260 1243 311 15
1315 270 1458 289 m

129 388 445 451 Tergestum,
483 384 665 432 deinde
690 385 906 432 naulum
935 395 985 430 et
1013 384 1098 430 hic
1130 384 1264 446 apud
1293 398 1384 429 nos
1413 380 1632 442 denique
1649 380 1868 444 vectigal
1903 383 2008 439 (68)
2045 381 2272 445 aliaeque

129 477 414 538 impensae,
447 476 584 521 unde
612 474 802 521 videbis
824 485 1013 534 quanta
1039 476 1132 520 hac
1161 475 1218 519 in
1247 474 1503 531 rejactura
1523 471 1606 518 sit.

265 568 374 611 Hoc
400 565 509 626 ipso
539 574 800 610 momento
828 565 980 609 homo
1004 565 1094 609 ille
1120 580 1204 610 sex
1238 564 1337 608 alia
1361 562 1620 608 seminum
1641 574 1825 624 genera
1849 572 1899 606 et
1927 560 1983 605 in
2010 562 2091 607 his
2111 563 2277 608 Melu-

131 654 276 701 chiae
311 653 416 717 (69)
454 665 685 716 apportat
721 671 847 716 quae
879 653 1084 700 caeteris
1120 653 1177 698 in
1197 652 1434 713 ⁸·cophino
1474 651 1709 711 adjunxi,
1746 651 1818 695 ita
1850 661 1910 695 ut
1939 652 2275 715 quadraginta

130 744 259 790 duae
287 743 393 789 sint
425 745 697 790 chartulae.
769 744 1119 806 Syngrapham
1155 745 1260 805 (70)
1297 742 1579 788 amicorum
1614 755 1847 785 meorum
1875 740 2033 786 alicui
2063 742 2274 802 tradidi,

130 834 220 894 qui
244 834 378 878 mihi
397 834 693 880 dodrantem
718 834 872 895 pretii
899 833 1057 892 dedit,
1095 833 1357 892 reliquum
1385 842 1611 893 tempore
1629 831 1803 876 futuro
1834 832 2108 877 soluturus,
2178 833 2279 878 Do-

131 923 305 968 minus
328 939 411 968 me
431 923 689 984 optimum
708 923 804 968 tibi
827 932 1232 982 comprecantem
1263 922 1510 967 exaudiat.
1555 922 1781 966 Salutem
1801 920 1897 964 tibi
1914 922 2274 982 sempiternam

130 1014 323 1060 amicus
351 1024 472 1060 tuus
508 1014 567 1060 N.
740 1012 998 1074 Scriptum
1027 1013 1228 1058 Tunete
1257 1026 1433 1058 mense
1453 1010 1681 1059 Octobris
1709 1010 2075 1058 MDCCCXVI.

1120 1343 1272 1402 VIII.

401 1467 608 1522 Amico
632 1465 928 1521 carissimo
953 1465 1255 1542 Chavagae
1277 1468 1348 1522 N.
1388 1485 1565 1541 quem
1588 1467 1742 1524 Deus
1769 1469 1836 1525 O.
1857 1469 1932 1525 M.
1955 1484 2272 1528 conservet.

131 1605 270 1678 Post
294 1632 582 1693 plurimum
597 1633 906 1680 desiderium
926 1645 978 1680 te
1001 1635 1267 1681 certiorem
1285 1635 1437 1697 facio,
1475 1636 1608 1697 quod
1626 1636 1785 1682 tribus
1805 1638 1990 1684 abhinc
2011 1640 2270 1687 mensibus

131 1724 334 1769 litterae
363 1740 390 1768 a
412 1735 462 1769 te
481 1725 633 1769 binae
661 1725 1104 1771 aestimatissimae
1131 1733 1249 1771 curn
1276 1742 1476 1772 cursore
1495 1728 1820 1788 advenerunt,
1857 1730 1946 1789 qui
1966 1731 2166 1792 Tripoli
2194 1747 2271 1778 oc-

135 1813 378 1866 cidentali
401 1815 503 1859 huc
527 1816 732 1860 tendere
750 1817 892 1861 solet.
962 1818 1092 1861 Nam
1113 1818 1343 1879 Chavaga
1362 1819 1419 1863 A.
1440 1833 1520 1862 eas
1541 1820 1781 1881 Tei-gesto
1809 1835 1899 1879 per
1916 1820 2067 1866 istam
2096 1823 2268 1869 urbem

135 1904 451 1965 perferendas
474 1905 667 1950 curavit
690 1908 855 1951 multo
887 1922 966 1951 eas
997 1918 1115 1952 ante
1139 1907 1375 1968 scriptas,
1412 1910 1621 1954 alteram
1643 1909 1724 1954 die
1749 1909 1818 1954 IV
1838 1910 2118 1972 Februarii,
2153 1915 2273 1959 alte-

133 2011 242 2040 ram
277 1994 384 2051 ejus
421 1994 610 2038 mensis
648 1993 729 2039 'die
764 1994 966 2041 XXVII.
1035 1998 1076 2041 E
1118 1997 1301 2057 quibus
1332 1997 1623 2043 valetudine
1649 2008 1739 2044 tua
1767 1999 2020 2046 incolumi
2045 2002 2270 2066 cognita,

102 2108 108 2110 *
135 2087 308 2130 Deum
325 2084 701 2130 celebravimus.
735 2085 808 2129 Ab
832 2085 929 2130 isto
951 2085 1070 2130 inde
1089 2096 1316 2147 tempore
1336 2088 1604 2148 epistolam
1623 2104 1652 2134 a
1673 2099 1724 2134 te
1741 2091 1941 2135 nullam
1960 2093 2079 2152 vidi,
2102 2109 2271 2153 quam·

139 2191 291 2236 quam
319 2184 370 2219 et
401 2174 594 2220 litteras
626 2174 748 2219 alias
779 2184 829 2220 et
856 2186 1149 2238 argentum,
1187 2178 1320 2237 quod
1346 2177 1551 2224 mittere
1579 2179 1877 2240 promiseras
1905 2185 2269 2244 exspectabam,

137 2275 197 2310 ut
219 2265 281 2312 ad
309 2280 387 2309 eas
411 2265 604 2325 hasque
637 2264 795 2310 simul
823 2265 1191 2326 responderem.
1264 2268 1498 2313 Nimium
1525 2284 1641 2314 vero
1659 2270 1888 2317 tardante
1917 2274 2129 2334 epistola
2161 2285 2270 2333 tua,

138 2355 298 2401 coacti
327 2370 549 2415 eramus,
586 2355 647 2400 ad
677 2366 933 2416 acceptam
966 2355 1112 2401 illam
1143 2358 1303 2402 solam
1331 2374 1631 2420 responsum
1659 2360 1787 2407 dare.
1864 2364 2041 2423 Itaque
2074 2374 2125 2408 te
2160 2365 2270 2410 edo-

140 2461 310 2492 cemus
334 2456 565 2505 respectu
592 2445 874 2506 seminum,
911 2461 1033 2492 nam
1059 2457 1110 2492 et
1137 2448 1320 2492 florum
1345 2450 1539 2495 semina
1565 2460 1616 2495 te
1643 2466 1824 2511 cupere
1853 2453 2176 2515 significasti,
2213 2456 2272 2500 ad

136 2537 288 2582 istam
317 2551 426 2580 rem
462 2550 586 2595 opus
622 2550 726 2580 esse
755 2535 927 2581 decem
956 2537 1207 2599 regalibus
1240 2539 1426 2599 aureis,
1473 2550 1668 2600 praeter
1695 2541 1898 2601 priores.
1980 2544 2272 2606 Convenire,

139 2642 257 2672 cum
286 2626 377 2671 illo
402 2625 613 2670 homine
637 2641 741 2670 non
758 2641 966 2686 possum
1005 2627 1064 2671 de
1093 2638 1226 2672 certa
1249 2629 1580 2692 quadraginta
1607 2640 1694 2675 aut
1727 2630 2101 2695 quinquaginta
2128 2648 2276 2697 gene-

139 2732 255 2762 rum
281 2731 494 2760 summa.
565 2716 940 2760 Tantummodo
960 2727 1082 2776 quot
1102 2718 1354 2763 invenerit
1380 2720 1681 2780 apportabit,
1717 2720 1821 2766 sive
1850 2721 2022 2768 decem
2041 2726 2182 2786 plus,
2212 2726 2276 2771 si-

140 2821 198 2850 ve
225 2805 414 2849 minuS.
484 2806 612 2850 Nam
645 2806 700 2849 in
722 2806 882 2850 hortis
905 2806 1004 2868 ipsi
1034 2807 1456 2853 circumeundum
1484 2819 1572 2870 est,
1592 2825 1684 2854 nec
1705 2810 1803 2855 alia
1828 2825 2087 2873 apportare
2110 2826 2274 2875 potest

142 2894 245 2940 nisi
272 2910 398 2955 quae
423 2894 480 2939 in
515 2895 585 2939 eis
620 2896 949 2956 reperiantur.
1018 2897 1218 2942 Deinde
1256 2898 1452 2958 dixisti,
1490 2899 1795 2967 Tergestum.
1818 2912 2022 2949 tantum
2049 2905 2276 2968 attigisse

141 2983 472 3047 quadraginta
510 3001 674 3030 unum
704 3001 911 3049 genera,
965 2987 1097 3047 quod
1127 2989 1400 3051 aegerrime
1428 2988 1553 3049 fero,
1608 2991 1727 3051 quia
1752 2991 1809 3037 in
1838 2994 1943 3040 illis
1977 3006 2118 3040 erant
2144 2996 2274 3055 apud
