2635 3413
1144 265 1282 284 §ss-
1353 255 1413 300 32
1482 260 1624 280 Ἂν

335 382 545 429 musque
576 372 741 419 Deum
763 375 816 419 O.
841 374 910 419 M.
980 375 1124 419 Nunc
1156 385 1204 419 te
1233 370 1496 419 certiorem
1523 371 1760 432 facimus,
1794 372 1975 433 stater,
2011 375 2196 434 amice,
2235 391 2324 422 nos
2356 377 2446 423 ho,

334 456 506 504 diemo
533 460 614 504 die
638 464 943 521 profecturos
978 478 1081 507 esse
1104 464 1313 508 Fontem
1340 463 1667 523 Bellaqueum
1702 466 1867 523 (132).
1936 465 2052 509 Meo
2083 465 2293 512 nomine
2318 467 2447 513 salu.

333 556 434 591 tem
457 549 730 607 plurimam
760 550 890 595 dicas
913 551 1087 597 domus
1114 562 1229 596 tuae
1248 550 1536 610 possessori,
1585 560 1734 610 teque
1767 553 2010 611 salutant,
2047 554 2135 612 qui
2160 563 2447 614 praesentes

332 646 450 679 suut
483 651 540 681 ex
568 638 763 682 nostris,
834 640 1096 683 precamur
1124 640 1287 683 Deum
1309 640 1363 683 Ο.
1389 639 1483 696 M.,
1521 649 1579 683 ut
1599 654 1687 683 nos
1713 655 1830 685 cum
1861 641 1974 684 luce
1998 640 2144 685 faciei
2174 650 2290 686 tuae
2304 641 2444 688 brevi

333 724 626 784 conjungat,
668 736 813 785 teque
835 738 1073 789 protegat.
1142 727 1213 770 Ab
1233 728 1393 770 amico
1413 727 1606 771 sincero
1811 728 1932 790 Ayd
1970 730 2308 792 Begalensi.

469 815 649 858 Οιιιινο
667 815 854 859 Mensis
879 815 1226 861 vendemiaire
1262 815 1383 863 anni
1412 816 1538 862 XIV.

1350 975 1434 1022 IX.

526 1053 761 1119 Eicmplo
793 1075 1072 1119 procerum,
1119 1064 1366 1108 columnae
1399 1062 1689 1124 primatum,
1725 1084 1728 1094 =
1745 1063 1995 1124 potentia,
2044 1062 2283 1122 dignitate
2310 1070 2363 1108 et
2395 1060 2449 1114 ,vi

596 1158 789 1200 ornato,
830 1149 1000 1210 fratri
1036 1152 1315 1207 carissimo,
1371 1167 1491 1198 auro
1527 1152 1928 1212 exquisitissimo,
1975 1166 2190 1211 gemmae
2222 1151 2444 1213 recondi-

594 1246 696 1293 tae,
742 1237 897 1299 cujus,
939 1239 983 1283 si
1016 1240 1116 1299 ipse
1143 1241 1302 1299 abest,
1357 1255 1454 1285 non
1487 1240 1622 1286 abest
1656 1242 1753 1298 vis,
1799 1251 1868 1298 et,
1919 1241 1963 1287 si
1997 1240 2318 1301 colloquitur,
2354 1241 2449 1287 mel

575 1323 730 1385 fatur
763 1328 826 1371 ab
863 1327 957 1388 ejus
992 1329 1181 1389 lingua,
1238 1329 1431 1374 domino
1467 1329 1531 1374 N.
1571 1363 1582 1375 .
1621 1363 1632 1374 .
1670 1363 1681 1375 .

461 1432 573 1479 Post
599 1436 872 1493 plurimam
900 1439 1138 1498 salutem,
1184 1439 1584 1500 declaratamque
1615 1441 1663 1486 ei
1689 1441 1888 1500 copiam
1927 1440 2186 1499 desiderii,
2243 1437 2444 1485 nuntia-

330 1532 465 1576 mus,
504 1536 586 1566 cor
618 1535 667 1569 et
696 1526 894 1571 animus
924 1537 1155 1574 nostrum
1189 1544 1387 1589 prorsus
1418 1529 1551 1589 apud
1572 1540 1622 1575 te
1655 1545 1782 1589 esse,
1819 1529 2242 1589 quemadmodum
2263 1539 2446 1575 notum

329 1618 402 1652 est
423 1609 527 1654 Deo
547 1612 601 1656 Ο.
619 1613 688 1658 M.
727 1615 789 1658 Et
808 1615 850 1660 si
877 1615 935 1660 de
949 1597 1090 1662 nobis
1114 1617 1516 1680 interrogaveris,
1553 1619 1679 1665 bene
1715 1619 1960 1677 valemus,
1999 1633 2189 1678 nosque
2209 1633 2313 1666 non
2344 1617 2448 1665 nisi

331 1694 391 1738 de
417 1707 466 1741 te
490 1709 537 1743 et
566 1700 625 1744 de
648 1704 807 1748 salute
833 1715 919 1749 tua
938 1705 1326 1768 interrogamus,
1363 1723 1491 1767 quae
1511 1723 1740 1753 summus
1763 1719 1998 1752 votorum
2014 1718 2301 1754 nostrorum
2328 1706 2445 1753 finis

331 1795 427 1842 est,
467 1797 515 1832 et
536 1790 807 1837 voluntatis
829 1804 1024 1843 nostrae
1042 1796 1304 1847 terminus,
1375 1798 1455 1842 Tu
1475 1812 1603 1853 vero,
1648 1798 1721 1844 mi
1742 1798 1915 1855 frater,
1953 1797 2114 1844 saluta
2131 1811 2320 1857 omneS,
2356 1795 2447 1858 qui

332 1872 391 1917 de
418 1876 559 1923 nobis
590 1878 1026 1943 interrogaverint,
1064 1899 1253 1949 egoque
1283 1896 1523 1932 venturus
1547 1898 1596 1932 et
1622 1887 1816 1932 visurus
1840 1901 1952 1930 sum
1978 1886 2144 1932 visum
2161 1895 2311 1932 tuum
2337 1885 2446 1935 feli-

329 1977 451 2010 cem.
524 1968 688 2028 Certe,
727 1982 880 2030 certe,
929 1973 1055 2017 vale!
1567 1979 1610 2021 A
1643 1977 1919 2025 Johanne
1954 1985 2093 2039 patre
2127 1973 2446 2022 Iohannis.

1329 2133 1387 2179 X.

521 2214 760 2261 Dominae
795 2217 1103 2275 dignissimae
1137 2220 1193 2264 K.
1242 2219 1433 2281 conjugi
1469 2222 1664 2268 Domini
1707 2223 1758 2272 T.
1776 2221 1888 2283 filii
1923 2223 1986 2268 N.
2025 2251 2037 2265 ·
2077 2255 2089 2268 .
2128 2224 2270 2279 (133)

462 2325 751 2385 Carissimo,
788 2343 878 2388 per
900 2330 1163 2376 oculorum
1190 2341 1395 2376 tuorum
1431 2332 1609 2391 vitam,
1647 2333 1817 2378 animo
1847 2343 1937 2377 tuo
1973 2333 2209 2395 injunge,
2244 2342 2304 2378 ut
2330 2346 2449 2378 cum

329 2409 488 2457 Maria
518 2415 853 2476 Hamanensi,
899 2433 1025 2476 quae
1059 2420 1192 2480 apud
1221 2420 1425 2465 fratrem
1456 2436 1629 2468 meum
1654 2423 1929 2483 Iosephum
1954 2422 2078 2482 fuit,
2123 2421 2447 2481 colloquaris,

327 2513 452 2544 num
472 2503 594 2548 velit
614 2504 674 2550 ad
700 2521 781 2550 me
804 2506 996 2566 venire,
1033 2509 1264 2570 mihique
1283 2509 1478 2557 servire.
1546 2512 1864 2572 Responsum
1878 2512 1984 2568 ejus
2008 2511 2142 2557 mihi
2177 2510 2346 2570 redda,
2383 2523 2449 2556 an

328 2589 450 2633 velit
477 2605 569 2637 nec
597 2607 675 2639 ne.
748 2595 953 2656 Semper
975 2612 1066 2659 ego
1096 2598 1328 2644 officium
1358 2608 1508 2644 tuum
1531 2600 1808 2660 celebrabo,
1845 2609 1896 2645 et
1914 2600 2285 2663 benignitatem
2305 2609 2449 2645 tuam

329 2689 439 2733 oro,
477 2689 557 2737 ut,
593 2682 637 2725 si
668 2684 914 2744 acceperis
950 2688 1197 2734 nuntium
1226 2687 1285 2734 de
1311 2688 1491 2734 marito
1521 2700 1634 2749 tuo,
1671 2690 1893 2734 Domino
1919 2690 1977 2735 T.
2012 2690 2230 2753 benigne
2269 2688 2322 2734 id
2349 2701 2449 2734 me-

333 2777 448 2809 cum
492 2772 848 2818 communices.
917 2776 1092 2822 Valere
1126 2792 1277 2840 perge
1288 2793 1303 2835 3
1363 2792 1452 2838 pro
1489 2788 1540 2824 te
1578 2793 1764 2839 precor.
1834 2778 2004 2823 Saluta
2041 2792 2215 2824 omnes
2249 2777 2448 2824 amicos.

329 2849 576 2902 Nostrates
610 2874 781 2906 omnes
801 2873 850 2907 te
879 2865 1117 2912 salutant.
1197 2866 1295 2912 Die
1316 2866 1524 2912 XXVIII
1542 2867 1765 2913 Januarii
1788 2866 1910 2912 anni
1935 2867 2248 2914 MDCCCVI.
2271 2860 2274 2862 ³
2531 2935 2538 2939 ·

1624 2956 1799 3002 Amica
1834 2967 1920 3001 tua
1956 2952 2013 3000 N.
2050 2991 2059 3000 .
2098 2989 2107 2999 .
2143 2990 2153 3000 .
2223 2955 2356 3006 Uxor
2390 2952 2466 3004 N..
