2635 3413
978 240 1120 258 §vs
1192 232 1255 278 23
1295 238 1467 258 ‘wss-

158 375 255 421 que
271 358 327 404 in
345 367 546 418 tempus
568 355 725 402 vitam
745 364 887 400 tuam
906 353 1233 414 superstitem
1261 352 1393 398 mihi
1414 355 1686 401 conservet.
1760 352 2010 415 Secundo,
2050 367 2107 402 ut
2127 359 2293 406 officia

154 464 267 494 mea
293 447 387 492 tibi
417 447 646 504 offeram,
685 444 965 489 amicitiam
1000 453 1143 489 tuam
1180 443 1482 504 imploranS,
1530 452 1612 501 ut,
1634 468 1638 469 ν
1659 444 1701 489 si
1732 445 1975 503 volueris,
2023 449 2294 511 animoque

151 549 241 584 tuo
266 535 584 583 nobilissimo
607 534 877 595 placuerit,
923 534 1143 596 negotiis
1182 534 1310 592 tuis,
1356 544 1406 578 et
1437 534 1698 593 omnibus,
1756 547 2086 595 quaecunque
2121 547 2290 587 curato

148 643 274 689 opus
304 625 520 683 fuerint,
556 640 638 668 me
665 626 879 669 honores
913 634 972 669 ut
1002 624 1168 684 capite
1194 634 1244 668 et
1276 625 1422 668 oculo
1460 626 1564 685 (91)
1597 624 1667 669 eis
1703 626 2008 684 exequendis
2035 629 2290 692 studeam,

147 731 454 776 omnemque
493 715 788 775 impendem
823 729 1024 775 operam
1067 713 1224 758 favori
1265 723 1354 758 tuo
1400 715 1776 773 commerendo,
1816 731 1914 774 quo
1965 731 2200 780 augescat
2242 732 2291 768 et

150 817 337 854 crescat
367 816 578 851 mutuus
620 805 755 849 inter
793 819 883 848 nos
923 806 1083 849 amor!
1154 803 1299 848 Nihil
1336 804 1474 848 aliud
1506 806 1611 866 (84)
1650 805 1838 863 habeo,
1889 806 2024 865 quod
2055 811 2287 859 manibus

146 899 250 944 tuis
279 895 550 942 carissimis
577 910 879 955 proponam,
918 893 1019 938 nisi
1046 893 1414 954 precationem,
1452 904 1511 938 ut
1539 895 1721 939 amoris
1752 905 1869 939 tuae
1903 896 2100 943 litterae
2127 903 2286 947 conti-

145 998 392 1046 nuentur,
430 1001 547 1031 cum
575 985 774 1029 nuntiis
809 983 869 1029 de
902 984 1231 1046 integerrima
1260 993 1347 1027 tua
1376 983 1538 1028 salute
1572 984 1964 1045 laetissimisque
1988 1003 2157 1035 rerum
2183 1002 2288 1037 tua-

147 1094 263 1124 rum
287 1087 444 1122 status
470 1075 815 1120 relationibus.
885 1074 1138 1119 Dominus
1170 1083 1221 1118 te
1254 1073 1525 1132 custodiat,
1561 1073 1819 1133 vitamque
1838 1085 1980 1120 tuam
1999 1081 2284 1128 omnibono

146 1168 440 1231 prolonget!
513 1166 611 1227 Qui
632 1180 720 1226 pro
741 1175 791 1209 te
812 1173 1045 1224 precatur
1063 1176 1069 1179 ’
1576 1165 1639 1207 Jo
1655 1164 1689 1207 h
1703 1180 1728 1208 a
1741 1180 1773 1208 n
1787 1181 1820 1208 n
1836 1180 1891 1210 es
1947 1168 2006 1213 N.

301 1280 304 1282 v
342 1257 441 1303 Die
459 1257 573 1301 XVI
593 1255 781 1300 mensis
802 1256 826 1299 J
830 1254 943 1298 unii
965 1252 1087 1297 anni
1120 1253 1512 1298 MDCCCXVII.
1549 1253 1765 1299 Liburni
1786 1256 1922 1301 urbe.

1115 1651 1268 1707 XIII.
1335 1663 1338 1666 ’

1286 1774 1294 1794 1

403 1818 549 1875 Viro
592 1813 962 1894 digiiissiin0‚
1032 1817 1195 1874 fratri
1239 1820 1563 1887 ca1·issimo‚
1629 1821 1831 1893 capitis
1872 1825 2058 1880 nostri
2100 1845 2276 1883 coro-

554 1956 693 2006 nae,
784 1932 1276 2008 aestimatissimo‚
1374 1940 1826 1998 honoratissimo
1891 1945 2146 2002 Domino
2205 1950 2275 2005 N.

558 2059 724 2132 cujus
771 2060 948 2115 vitam
985 2061 1140 2117 Deus
1183 2060 1365 2118 0.,Μ.
1405 2065 1704 2138 proroget!

139 2227 357 2298 Oblatis
381 2251 511 2296 votis
539 2266 629 2312 pro
666 2251 770 2296 vita
795 2261 884 2296 tua
915 2252 1341 2312 splendidissimis
1376 2264 1426 2299 et
1457 2252 1847 2299 salutationibus
1877 2254 2176 2316 largissimis
2217 2274 2271 2305 ac

135 2342 474 2405 plenissimis,
513 2341 870 2401 desideriisque
898 2343 1060 2388 animi
1079 2343 1469 2405 impensissimis
1490 2344 1692 2389 lumina
1712 2344 1864 2389 faciei
1886 2355 2003 2389 tuae
2020 2348 2272 2393 serenissi-

136 2449 221 2479 ma
247 2431 389 2477 omni
413 2432 469 2477 in
496 2432 627 2476 bono
651 2442 700 2477 et
720 2432 1077 2480 incolumitate
1108 2435 1337 2495 videndi,
1375 2435 1508 2495 quod
1544 2434 1778 2481 manibus
1806 2434 1909 2479 tuis
1940 2436 2270 2484 nobilissimis

132 2522 521 2586 proponendum
543 2532 694 2581 teque
716 2523 855 2568 haud
885 2524 1117 2586 ignorare
1136 2527 1264 2586 volo,
1301 2536 1398 2586 est,
1436 2525 1569 2586 quod
1593 2535 1709 2569 ante
1729 2525 1868 2569 hunc
1891 2525 2024 2569 diem
2045 2526 2104 2571 ad
2126 2537 2176 2572 te
2193 2528 2270 2574 de-

134 2615 301 2660 dimus
329 2613 597 2674 epistolam
627 2612 743 2658 satis
770 2614 999 2676 longam,
1037 2615 1122 2660 cui
1153 2615 1348 2662 inclusa
1371 2616 1474 2661 fuit
1495 2615 1615 2674 alia,
1653 2615 1864 2660 nomine
1883 2625 1973 2659 tuo
2002 2615 2267 2679 inscripta,

131 2721 160 2750 a
185 2704 414 2766 patruele
436 2719 548 2748 meo
573 2704 821 2766 Chawaga
839 2704 897 2749 N.
966 2706 1230 2752 Damiatae
1250 2716 1491 2765 versante,
1528 2720 1655 2765 quae
1677 2706 1783 2750 Deo
1802 2705 2000 2750 favente
2018 2706 2077 2752 ad
2098 2718 2147 2753 te
2167 2706 2273 2766 jam

128 2793 473 2856 pervenerint,
511 2809 732 2854 quasque
750 2784 853 2853 t11,‘
871 2795 1013 2840 omni
1026 2797 1157 2841 bono
1177 2798 1427 2860 gaudens,
1462 2796 1660 2841 videris.
1729 2796 1796 2841 Et
1818 2796 2047 2857 proxime
2065 2813 2092 2842 a
2111 2814 2267 2845 manu

129 2894 219 2929 tua
235 2884 296 2930 ad
324 2900 415 2930 nos
437 2885 695 2945 perveniet
713 2899 1011 2946 responsum
1032 2880 1149 2932 cum
1170 2886 1553 2945 jucundissimis
1577 2886 1636 2932 de
1667 2895 1718 2932 te
1733 2887 1960 2954 nuntiis,
1998 2898 2056 2934 ut
2078 2888 2137 2934 de
2158 2906 2267 2936 cara

128 2984 218 3020 tua
241 2976 403 3021 salute
424 2975 584 3020 simus
613 2975 791 3021 securi.
