2635 3413
1127 231 1269 250 „w
1337 217 1610 261 28m

1264 333 1422 390 XVI.

578 484 715 538 Bcet
760 480 912 534 Deus
962 478 1134 530 vitam
1183 474 1369 529 fratris
1411 475 1652 539 sinceri,
1700 471 1981 529 lusciniae
2023 476 2269 533 disertae
2309 474 2436 550 spi-

668 580 808 632 ritus
849 587 904 627 et
943 572 1133 627 cordis
1173 574 1289 626 inci
1329 571 1558 625 alterius
1598 570 1796 641 partiS,
1846 570 2086 629 Domini
2123 575 2197 634 N.
2239 573 2438 629 hono·-

668 671 952 729 ratissimi.

316 767 449 836 Post
487 792 590 842 (88)
627 786 927 829 declaratum
967 780 1177 824 maximi
1221 775 1455 824 desiderii
1486 795 1806 844 progressum
1841 793 1960 825 cum
1993 781 2439 827 vehementissima

318 880 579 940 cupidine,
618 887 767 931 quam
809 885 912 914 non
953 870 1115 928 capiat
1152 871 1290 929 (115)
1339 869 1580 915 foliorum
1618 871 1859 928 ambituS,
1911 883 2004 912 nec
2037 871 2439 929 complectantur

321 970 480 1021 oculi,
517 968 691 1009 lumen
732 959 861 1003 illud
906 958 1070 1013 (faciei
1100 961 1242 1012 tuae)
1289 957 1614 1004 desiderabile
1650 958 1880 1016 videndi,
1932 958 2064 1016 quod
2102 974 2207 1002 non
2244 959 2441 1004 desinat

319 1056 504 1120 protigi
531 1070 555 1096 a
581 1060 919 1096 creaturarum
948 1047 1193 1104 Domina,
1231 1056 1281 1090 et
1309 1046 1353 1089 si
1377 1047 1600 1110 benigne
1632 1049 1692 1094 de
1717 1048 1860 1097 nobis
1886 1046 2292 1108 interrogaveriS,
2336 1049 2443 1093 lau-

323 1149 403 1193 des
428 1146 527 1188 sint
556 1143 680 1196 Deo,
718 1137 854 1182 nihil
883 1151 972 1180 nos
1003 1137 1137 1180 dolet
1161 1135 1261 1179 nisi
1286 1145 1374 1179 tua
1404 1135 1677 1192 dejunctio.
1747 1139 1812 1182 At
1846 1135 1935 1196 qui
1961 1136 2327 1195 separationem
2350 1137 2444 1182 lar-

321 1237 483 1299 gitur,
521 1228 933 1285 conjunctionem
957 1226 1109 1270 etiam
1135 1224 1362 1284 potentia
1385 1240 1473 1269 sua
1502 1226 1774 1288 largietur3
1819 1241 1938 1270 nam
1960 1226 2065 1269 Deo
2098 1224 2222 1269 nihil
2249 1233 2318 1268 est
2345 1223 2442 1287 dis·

305 1324 462 1385 ficile.
500 1320 637 1374 (116)
707 1317 905 1362 Deinde
935 1315 1119 1360 nuntio
1152 1314 1269 1372 tibi,
1308 1314 1381 1358 mi
1407 1315 1581 1373 frater,
1619 1316 1885 1375 epistolam
1905 1324 2047 1358 tuam
2076 1313 2209 1358 mihi
2239 1314 2439 1358 allatam

320 1427 424 1456 esse
448 1409 612 1469 primo
644 1405 868 1452 Januarii
894 1405 996 1463 die,
1035 1419 1160 1463 quae
1196 1414 1282 1447 tua
1317 1403 1553 1462 epistola,
1591 1403 1846 1448 carissime
1873 1403 2202 1464 quadraginta
2225 1417 2311 1448 sex
2337 1401 2442 1448 dies

322 1503 377 1546 in
407 1500 587 1543 itinere
619 1495 909 1556 permansit.
979 1495 1147 1552 anue
1159 1492 1288 1535 lecta
1321 1501 1370 1535 et
1390 1492 1592 1553 cognito
1613 1507 1723 1537 eam
1744 1507 1848 1536 esse
1866 1507 1893 1535 a
1912 1502 1962 1536 te
1985 1492 2274 1551 profectam,
2309 1505 2444 1536 sum-

323 1602 523 1648 mopere
558 1584 713 1646 gavisi
743 1597 932 1626 sumus.
1002 1582 1134 1626 Scias
1163 1595 1252 1624 nos
1284 1581 1447 1625 adhuc
1478 1581 1532 1625 in
1552 1581 1798 1642 Hispania
1832 1581 2128 1625 commorari
2160 1589 2210 1625 et
2237 1580 2294 1624 in
2321 1581 2443 1626 urbe

322 1679 457 1741 regia
476 1674 683 1720 Madriti
715 1673 882 1716 fuisse.
920 1672 1130 1716 Labores
1165 1671 1396 1731 ingentes
1428 1671 1647 1730 perpessi
1677 1669 2048 1731 quinquaginta
2072 1669 2175 1714 fere
2202 1668 2443 1735 millia-ria

322 1773 366 1824 (1
382 1771 457 1828 17)
492 1763 710 1809 Mudrito
731 1761 1038 1818 secessimus,
1069 1771 1117 1804 et
1138 1759 1363 1803 adversus
1374 1760 1558 1820 Anglos
1577 1759 1896 1817 bellavimus,
1935 1774 2056 1817 quos
2079 1759 2307 1819 primum
2324 1757 2443 1804 vici·

323 1871 452 1912 mus,
474 1854 557 1898 sed
578 1852 699 1896 victi
727 1865 899 1894 sumus
923 1850 1102 1894 deinde
1115 1850 1172 1893 ab
1200 1849 1276 1892 iis.
1314 1847 1477 1892 Cladis
1500 1858 1696 1892 nostrae
1714 1862 1860 1892 causa
1881 1847 1984 1892 fuit
2002 1857 2170 1891 nostra
2187 1847 2444 1908 copiarum

322 1944 596 2006 exiguita53
634 1954 720 1983 nos
757 1942 893 1994 (118)
931 1939 1070 1983 enim
1105 1949 1154 1983 et
1184 1937 1374 1996 equites
1405 1951 1543 1980 more
1575 1937 1823 1982 venatoris
1860 1937 1989 1981 culti
2026 1937 2304 1992 (chasseurs
2330 1939 2442 1998 119)

323 2030 677 2095 quadringenti
711 2029 928 2086 fuimus,
966 2029 1119 2089 Angli
1152 2037 1323 2071 contra
1359 2025 1570 2087 triginta
1607 2041 1692 2070 sex
1726 2025 1907 2070 millia.
1980 2027 2088 2086 Quo
2123 2016 2262 2082 (120)
2299 2025 2442 2070 nobis

324 2121 618 2169 vertendum
648 2117 784 2162 erat?
856 2117 999 2162 Brevi
1035 2118 1250 2162 Galliam
1281 2125 1537 2175 petemus,
1575 2130 1696 2159 nam
1720 2130 1805 2159 rex
1832 2113 2262 2158 fortunatissimus
2306 2117 2442 2171 (121)

322 2228 409 2258 nos
436 2208 644 2255 relzucari
662 2206 830 2264 jussit,
869 2207 986 2264 quia
1006 2208 1119 2266 plus
1151 2207 1380 2251 laborum
1419 2204 1809 2262 exantlavimus,
1847 2216 2000 2262 quam
2036 2216 2209 2246 omnes
2253 2211 2444 2262 praeto-

320 2300 464 2346 riani.
501 2301 636 2352 (122)
707 2297 839 2340 Nova
857 2296 998 2340 nobis
1033 2296 1290 2340 calamitas
1320 2294 1540 2338 instabat
1561 2292 1791 2349 Madriti,
1829 2292 2102 2336 rebellante
2125 2291 2260 2350 urbe,
2297 2301 2348 2336 et
2368 2290 2445 2336 in·

320 2398 553 2450 surgente
589 2391 725 2443 (123)
761 2385 820 2429 ad
857 2399 944 2428 nos
986 2385 1321 2429 trucidendos.
1403 2383 1620 2427 Manum
1667 2390 1981 2426 conserentes
2021 2395 2139 2425 cum
2180 2381 2242 2425 iis
2279 2383 2441 2443 (124),

325 2494 403 2524 eos
422 2476 607 2539 gratiae
629 2475 732 2517 sint
762 2473 888 2530 Deo,
925 2473 1153 2518 vicimus.
1225 2474 1322 2517 Ter
1346 2472 1565 2531 repetitu
1593 2472 1789 2530 impetu
1825 2472 1964 2529 (125)
2001 2469 2153 2514 occisi
2174 2478 2294 2514 sunt
2315 2483 2444 2514 eno-

323 2566 553 2611 stratibus
589 2562 797 2624 trIginta
833 2562 965 2606 inter
1008 2577 1187 2622 eosque
1217 2562 1368 2605 frater
1402 2569 1451 2603 et
1486 2559 1675 2603 amicus
1710 2570 1827 2603 tuus
1863 2559 1969 2617 Aly„
2042 2559 2226 2603 Omnes
2257 2556 2441 2617 reliqui

323 2655 491 2698 fratres
516 2651 671 2695 nostri
696 2651 819 2693 bene
839 2651 1019 2694 valent.
1091 2650 1286 2694 Adsunt
1308 2648 1482 2693 Gadrif
1509 2658 1558 2692 et
1590 2649 1684 2706 Aly
1707 2647 1998 2708 Aegyptius,
2035 2647 2124 2706 qui
2142 2657 2194 2691 te
2219 2644 2441 2690 visitavit

323 2742 513 2786 rediens
539 2755 564 2783 e
590 2740 816 2795 Polonia,
854 2739 993 2793 (126)
1030 2750 1079 2784 et
1109 2753 1247 2783 nunc
1275 2737 1503 2782 centurio
1543 2747 1617 2780 est
1646 2737 1699 2780 in
1721 2735 1838 2779 XXI
1857 2735 2086 2780 Chiliade
2121 2735 2260 2796 (127)
2298 2733 2439 2792 iique

323 2839 370 2873 te
396 2829 612 2872 salutant
639 2826 715 2870 uti
746 2837 795 2870 et
813 2827 957 2885 Elyas
981 2827 1267 2872 ChurensiS.
1337 2826 1531 2870 Salutat
1558 2835 1608 2870 te
1639 2837 1838 2883 quoque
1867 2833 1972 2868 tota
1995 2832 2164 2868 nostra
2190 2822 2438 2868 sodalitas.

456 2916 630 2960 Mense
652 2914 865 2976 Augusti
892 2931 932 2960 a.
954 2915 1319 2962 MDCCCVIII.
1631 2913 1689 2957 N.
1714 2912 2095 2957 Mamlukorum
2118 2909 2372 2958 Centurio.
