2635 3413
888 289 1091 321 ,vs-‹-
1164 281 1218 317 11
1291 285 1433 307 Μ

131 407 263 469 „ne?
331 420 565 469 suprema
601 418 716 452 vero
746 405 869 452 hora
902 401 1142 462 dixisse,“
1175 399 1409 448 adducite
1436 397 1569 445 mihi
1586 395 1856 444 dominum
1882 394 2108 443 Achmed
2127 397 2270 460 Alge-

131 498 404 558 „riensem‚
442 508 526 556 ut,
581 511 638 541 eo
676 496 735 541 de
764 506 904 556 patre
930 509 1042 538 meo
1065 493 1394 554 interrogato,
1431 490 1632 535 animus
1665 503 1809 533 meus
1839 487 2145 548 tranquillus
2163 486 2269 532 red-

133 586 343 633 datur!“
411 588 512 632 Nec
541 597 714 632 tamen
739 601 839 645 quo
870 585 1040 629 morbo
1062 584 1154 628 illa
1174 581 1427 628 interierit
1447 580 1580 625 mihi
1602 577 1860 624 indicavit.¹
1929 579 1970 622 O
1998 577 2072 622 mi
2096 576 2270 621 frater!

133 678 264 723 ferre
300 680 407 738 (55)
444 692 550 722 non
580 692 807 737 possum,
844 685 999 721 noctu
1027 674 1215 733 diuque
1247 673 1367 731 fleu,
1404 671 1538 731 quod
1560 685 1664 715 non
1693 668 1798 714 nisi
1829 668 2020 713 duobus
2048 666 2270 712 tribusve

133 766 391 811 mensibus
417 767 656 827 peractis,
695 782 806 812 eam
835 766 1002 811 videre
1024 763 1324 825 potuissem,
1362 761 1627 823 ipsiusque
1656 769 1706 804 et
1731 758 1934 815 majoris
1961 767 2086 802 natu
2112 756 2269 814 filiae,

135 856 337 915 viduae,
375 858 613 917 adspectu
641 873 723 902 cor
744 873 919 901 meum
937 855 1166 917 gavisum
1183 854 1357 912 fuerit,
1393 854 1595 911 jamque
1613 849 1746 896 illud
1770 848 2115 894 infortunium
2138 843 2272 891 mihi

143 946 350 991 accidit!
422 948 591 1009 Pergit
621 957 813 991 autem:
882 961 982 1005 „ne
1007 945 1198 990 diutius
1218 943 1452 1001 moreris,
1492 942 1566 986 mi
1595 941 1866 998 avuncule,
1902 937 2018 983 veni
2047 947 2106 981 ut
2134 934 2272 980 filiae

133 1045 304 1095 „tuae,
350 1037 627 1097 matrisque
652 1036 846 1080 animos
866 1034 1051 1093 lenias,
1088 1034 1383 1094 priusquam
1401 1032 1524 1077 mali
1550 1031 1671 1091 quid
1691 1031 1752 1074 iis
1780 1026 2062 1099 acciderit3“
2126 1026 2272 1070 Hanc

135 1125 196 1169 ob
226 1140 356 1185 rem,
394 1141 699 1185 quamquam
733 1125 937 1188 negotia
970 1120 1089 1169 mea
1121 1123 1352 1168 nondum
1395 1122 1566 1166 omnia
1602 1120 1830 1166 confecta
1866 1128 2012 1177 sunt,
2060 1126 2111 1161 et
2147 1115 2271 1160 duos

139 1224 296 1260 tresve
340 1215 504 1261 adhuc
547 1231 742 1261 menses
776 1215 860 1260 hic
884 1214 1182 1260 commorari
1219 1213 1602 1270 constitueram,
1640 1221 1812 1255 tamen
1841 1225 1947 1271 ego,
1983 1222 2101 1253 cum
2125 1206 2273 1267 Hagg

135 1305 287 1350 Omar
322 1340 332 1351 .
370 1341 380 1351 .
420 1341 430 1351 .
502 1307 736 1351 omnibus
766 1307 868 1352 suis
899 1303 1117 1366 negotiis
1145 1303 1205 1348 ad
1224 1304 1381 1347 finem
1405 1301 1658 1362 perductis
1691 1301 1747 1345 in
1776 1299 1995 1344 Meliten
2017 1297 2271 1357 profectus

136 1393 225 1453 sit,
261 1394 399 1440 haud
429 1394 620 1439 diutius
650 1405 764 1456 post
788 1396 894 1451 ejus
914 1393 1107 1438 abitum
1126 1393 1212 1437 hic
1239 1392 1423 1436 morari
1436 1407 1663 1452 possum.
1729 1391 1958 1448 Namque
1983 1388 2074 1432 illo
2105 1386 2272 1430 Tune-

136 1494 243 1528 tem
279 1485 463 1544 absque
491 1500 574 1530 me
606 1500 819 1544 reverSO,
856 1494 1016 1529 mater
1042 1498 1154 1528 mea
1181 1492 1231 1528 et
1257 1482 1366 1526 filia
1404 1481 1608 1525 Halima
1637 1495 1719 1525 me
1749 1494 1980 1537 unquam
2010 1491 2114 1522 esse
2151 1474 2276 1519 redi-

136 1583 312 1618 turum
351 1575 710 1635 desperabunt,
757 1575 958 1635 quippe„
979 1573 1091 1633 qui,
1128 1564 1188 1618 ut
1219 1572 1317 1617 tibi
1334 1581 1450 1616 ante
1466 1572 1561 1616 hac
1583 1569 1826 1628 indicavi,
1865 1585 1946 1613 me
1966 1569 2062 1613 hoc
2083 1576 2275 1624 tempo-

135 1678 188 1709 re
214 1680 529 1711 reversurum
550 1681 654 1711 esse
671 1665 794 1726 ipsis
822 1664 1104 1722 juraverim.
1175 1662 1310 1708 Hinc
1351 1677 1504 1722 quam
1544 1660 1736 1721 optime
1761 1657 1908 1719 potui
1943 1673 2026 1702 me
2047 1654 2276 1715 expedivi

139 1765 213 1815 et,
250 1756 343 1822 hac
364 1755 473 1816 ipsa
500 1757 816 1816 profecturus
838 1754 1170 1813 hebdomade,
1198 1753 1264 1798 in
1289 1768 1414 1798 nave
1437 1750 1762 1798 conducenda
1790 1758 1839 1792 et
1863 1763 1946 1793 me
1966 1747 2074 1808 ipso
2099 1747 2159 1791 ad
2179 1745 2276 1790 iter

138 1845 486 1906 componendo
518 1845 599 1889 his
633 1845 805 1890 diebus
851 1855 1147 1905 occupatus,
1186 1844 1247 1889 ad
1277 1854 1327 1888 te
1355 1843 1549 1889 litteras
1579 1841 1690 1886 dare
1721 1855 1825 1884 non
1843 1839 1989 1899 potui
2014 1839 2277 1883 maturius.

126 1926 215 1980 ⁴Ne
234 1945 407 1981 tamen
429 1945 602 1995 putes,
640 1951 723 1979 me
744 1945 859 1996 post
887 1936 1080 1979 abitum
1101 1951 1276 1979 meum
1304 1934 1383 1978 tui
1407 1934 1512 1978 fore
1528 1932 1906 1988 immemorem,
1942 1944 2034 1974 nec
2059 1928 2280 1988 amplius

140 2025 333 2070 litteras
354 2025 450 2070 tibi
469 2025 707 2070 daturum
723 2041 840 2070 esse.
910 2026 1002 2070 Per
1020 2025 1117 2070 Dei
1140 2025 1418 2083 veritatem,
1455 2037 1721 2082 nunquam
1743 2035 1848 2081 ego,
1885 2019 1945 2064 ad
1965 2018 2098 2064 diem
2119 2032 2281 2077 usque

139 2131 458 2177 supremum,
495 2115 574 2160 tui
602 2115 872 2160 immemor
896 2130 1001 2174 ero,
1037 2130 1129 2160 nec
1150 2115 1344 2160 desines
1367 2129 1472 2159 esse
1491 2123 1610 2158 ante
1629 2112 1800 2156 oculos
1825 2124 1960 2154 meos
1975 2125 1989 2167 3
2027 2123 2146 2153 cum
2178 2123 2280 2152 om-

143 2205 291 2251 nibus
315 2205 609 2251 hominibus
638 2206 695 2250 in
723 2206 886 2266 patria
908 2220 1020 2249 mea
1047 2204 1106 2249 de
1127 2215 1177 2249 te
1199 2206 1475 2264 colloquar,
1513 2213 1563 2248 et
1582 2202 1766 2261 cuique
1793 2200 2072 2244 amicorum
2094 2209 2142 2242 et
2170 2212 2280 2259 cog-

145 2295 381 2351 natorum
399 2312 631 2341 meorum
651 2297 844 2341 litteras
871 2305 981 2341 tuas
1011 2295 1287 2354 ostendam,
1326 2295 1429 2354 qui,
1467 2294 1615 2339 dulce
1640 2299 1999 2353 argumentum
2035 2288 2139 2348 (56)
2177 2302 2284 2332 sua-

146 2401 357 2445 vemque
387 2395 531 2430 tuam
554 2385 856 2445 scripturam
895 2395 1176 2445 spectantes
1209 2385 1436 2443 videant,
1493 2398 1621 2428 num
1647 2382 1703 2426 in
1738 2380 1929 2424 mundo
1967 2369 2155 2423 amicus
2187 2377 2285 2422 tibi

145 2475 438 2522 inveniatur
468 2475 844 2535 comparandus.
912 2477 1125 2535 Jamque
1152 2475 1278 2520 meis
1309 2474 1485 2533 retuli,
1523 2473 1579 2517 in
1610 2469 1841 2517 Borussia
1873 2467 2005 2512 mihi
2032 2482 2136 2512 esse
2164 2468 2286 2512 ami-

151 2581 294 2624 cum,
331 2566 484 2611 fratre
515 2565 868 2625 amantiorem,
905 2565 1139 2609 Lutetiae
1168 2564 1448 2627 cognitum,
1487 2577 1584 2623 quo
1605 2562 1662 2605 in
1688 2570 1793 2604 toto
1826 2557 2017 2602 mundo
2043 2557 2287 2604 cariorem

150 2671 231 2702 me
259 2670 364 2700 non
385 2656 591 2713 habere,
631 2655 913 2713 multisque
942 2654 1054 2699 aliis
1081 2654 1262 2700 additis
1284 2654 1346 2698 iis
1370 2663 1624 2714 postremo
1647 2649 1772 2694 dixi:
1845 2647 2044 2706 quando
2068 2662 2290 2693 reversus

157 2735 299 2791 fuero
338 2746 620 2804 Tunetem,
658 2745 873 2789 recitabo
899 2744 1036 2788 vobis
1066 2744 1258 2790 litteras
1283 2746 1414 2803 ejus,
1452 2742 1631 2802 quibus
1661 2753 1880 2783 amorem
1901 2747 2132 2782 nostrum
2156 2752 2290 2798 spec-

151 2835 293 2895 tetis,
329 2835 554 2895 itemque
592 2846 641 2880 te
671 2835 727 2879 in
761 2834 977 2894 patriam
994 2844 1137 2879 tuam
1161 2852 1243 2883 me
1260 2834 1521 2892 invitasse,
1558 2831 1712 2890 idque
1732 2843 1836 2874 non
1854 2829 1911 2874 ab
1934 2827 2102 2874 animo
2121 2828 2291 2890 fuisse,

158 2925 243 2971 sed
272 2925 500 2987 ipsorum
529 2940 676 2971 causa
704 2941 808 2971 esse
827 2924 1191 2971 intermissum.
