<?xml version="1.0" encoding="UTF-8"?>
<!DOCTYPE html PUBLIC "-//W3C//DTD XHTML 1.0 Transitional//EN"
    "http://www.w3.org/TR/xhtml1/DTD/xhtml1-transitional.dtd">
<html xmlns="http://www.w3.org/1999/xhtml" xml:lang="en" lang="en">
 <head>
  <title>
</title>
<meta http-equiv="Content-Type" content="text/html;charset=utf-8" />
  <meta name='ocr-system' content='tesseract 3.04.00' />
  <meta name='ocr-capabilities' content='ocr_page ocr_carea ocr_par ocr_line ocrx_word'/>
</head>
<body>
  <div class='ocr_page' id='page_1' title='image "./epistolaequaedam00habiuoft/epistolaequaedam00habiuoft_0046.png"; bbox 0 0 2635 3413; ppageno 0'>
   <div class='ocr_carea' id='block_1_1' title="bbox 1119 229 1603 276">
    <p class='ocr_par' dir='ltr' id='par_1_1' title="bbox 1119 229 1603 276">
     <span class='ocr_line' id='line_1_1' title="bbox 1119 229 1603 276; baseline -0.004 -6"><span class='ocrx_word' id='word_1_1' title='bbox 1119 251 1261 270; x_wconf 49' lang='lat' dir='ltr'><strong>”s-</strong></span> <span class='ocrx_word' id='word_1_2' title='bbox 1329 229 1391 276; x_wconf 84' lang='lat'><strong>26</strong></span> <span class='ocrx_word' id='word_1_3' title='bbox 1461 250 1603 269; x_wconf 61' lang='grc' dir='ltr'><strong><em>Μ</em></strong></span> 
     </span>
    </p>
   </div>
   <div class='ocr_carea' id='block_1_2' title="bbox 306 351 2443 678">
    <p class='ocr_par' dir='ltr' id='par_1_2' title="bbox 306 351 2443 678">
     <span class='ocr_line' id='line_1_2' title="bbox 307 351 2443 425; baseline 0.001 -11"><span class='ocrx_word' id='word_1_4' title='bbox 307 379 356 414; x_wconf 84' lang='lat' dir='ltr'><strong>et</strong></span> <span class='ocrx_word' id='word_1_5' title='bbox 376 367 623 414; x_wconf 79' lang='lat' dir='ltr'><strong>Abdunah</strong></span> <span class='ocrx_word' id='word_1_6' title='bbox 650 363 910 412; x_wconf 81' lang='lat' dir='ltr'><strong>Howensis</strong></span> <span class='ocrx_word' id='word_1_7' title='bbox 944 361 1170 408; x_wconf 88' lang='lat' dir='ltr'><strong>centurio</strong></span> <span class='ocrx_word' id='word_1_8' title='bbox 1200 376 1254 406; x_wconf 87' lang='lat' dir='ltr'><strong>ac</strong></span> <span class='ocrx_word' id='word_1_9' title='bbox 1271 360 1512 419; x_wconf 71' lang='lat' dir='ltr'><strong>‚Iosephus</strong></span> <span class='ocrx_word' id='word_1_10' title='bbox 1551 361 1841 422; x_wconf 72' lang='lat' dir='ltr'><strong>flamensis,</strong></span> <span class='ocrx_word' id='word_1_11' title='bbox 1877 364 2066 425; x_wconf 84' lang='lat' dir='ltr'><strong>aliique</strong></span> <span class='ocrx_word' id='word_1_12' title='bbox 2091 381 2118 412; x_wconf 93' lang='lat' dir='ltr'><strong>e</strong></span> <span class='ocrx_word' id='word_1_13' title='bbox 2149 351 2443 416; x_wconf 53' lang='lat' dir='ltr'><strong>Mamlukiss</strong></span> 
     </span>
     <span class='ocr_line' id='line_1_3' title="bbox 306 449 2151 514; baseline -0.002 -10"><span class='ocrx_word' id='word_1_14' title='bbox 306 470 358 504; x_wconf 82' lang='lat' dir='ltr'><strong>te</strong></span> <span class='ocrx_word' id='word_1_15' title='bbox 383 458 617 503; x_wconf 80' lang='lat' dir='ltr'><strong>salutant.</strong></span> <span class='ocrx_word' id='word_1_16' title='bbox 689 454 870 513; x_wconf 82' lang='lat' dir='ltr'>Bisque</span> <span class='ocrx_word' id='word_1_17' title='bbox 894 463 1067 510; x_wconf 86' lang='lat' dir='ltr'><strong>terque</strong></span> <span class='ocrx_word' id='word_1_18' title='bbox 1089 451 1304 494; x_wconf 87' lang='lat' dir='ltr'><strong>salutem</strong></span> <span class='ocrx_word' id='word_1_19' title='bbox 1334 449 1693 509; x_wconf 80' lang='lat' dir='ltr'><strong>sempiternam</strong></span> <span class='ocrx_word' id='word_1_20' title='bbox 1725 451 1819 497; x_wconf 86' lang='lat' dir='ltr'><strong>tibi</strong></span> <span class='ocrx_word' id='word_1_21' title='bbox 1845 451 2151 514; x_wconf 85' lang='lat' dir='ltr'>imprecatur</span> 
     </span>
     <span class='ocr_line' id='line_1_4' title="bbox 594 537 2424 600; baseline 0.011 -28"><span class='ocrx_word' id='word_1_22' title='bbox 594 568 597 572; x_wconf 83' lang='grc'><em>.</em></span> <span class='ocrx_word' id='word_1_23' title='bbox 1165 537 1224 582; x_wconf 92' lang='grc' dir='ltr'><strong>Ν.</strong></span> <span class='ocrx_word' id='word_1_24' title='bbox 1264 537 1494 582; x_wconf 85' lang='lat' dir='ltr'>Sacerdos</span> <span class='ocrx_word' id='word_1_25' title='bbox 1542 538 2004 600; x_wconf 85' lang='lat' dir='ltr'><strong>injuria-expulsus</strong></span> <span class='ocrx_word' id='word_1_26' title='bbox 2038 544 2424 592; x_wconf 86' lang='lat' dir='ltr'><strong>Bethlehemita.</strong></span> 
     </span>
     <span class='ocr_line' id='line_1_5' title="bbox 504 625 1895 678; baseline -0.001 -1"><span class='ocrx_word' id='word_1_27' title='bbox 504 629 767 678; x_wconf 82' lang='lat' dir='ltr'><strong>Meloduni</strong></span> <span class='ocrx_word' id='word_1_28' title='bbox 794 628 914 674; x_wconf 89' lang='lat' dir='ltr'><strong>urbe</strong></span> <span class='ocrx_word' id='word_1_29' title='bbox 932 626 1185 671; x_wconf 82' lang='lat' dir='ltr'><strong>Februarii</strong></span> <span class='ocrx_word' id='word_1_30' title='bbox 1211 626 1299 670; x_wconf 94' lang='lat' dir='ltr'><strong>VlI</strong></span> <span class='ocrx_word' id='word_1_31' title='bbox 1321 625 1401 670; x_wconf 91' lang='lat' dir='ltr'><strong>die</strong></span> <span class='ocrx_word' id='word_1_32' title='bbox 1427 626 1550 671; x_wconf 89' lang='lat' dir='ltr'><strong>anni</strong></span> <span class='ocrx_word' id='word_1_33' title='bbox 1577 627 1895 675; x_wconf 92' lang='lat' dir='ltr'><strong>MDCCCVI.</strong></span> 
     </span>
    </p>
   </div>
   <div class='ocr_carea' id='block_1_3' title="bbox 1293 965 1421 1022">
    <p class='ocr_par' dir='ltr' id='par_1_3' title="bbox 1293 965 1421 1022">
     <span class='ocr_line' id='line_1_6' title="bbox 1293 965 1421 1022; baseline -0.016 -1"><span class='ocrx_word' id='word_1_34' title='bbox 1293 965 1421 1022; x_wconf 88' lang='lat' dir='ltr'><strong>XV.</strong></span> 
     </span>
    </p>
   </div>
   <div class='ocr_carea' id='block_1_4' title="bbox 562 1101 2424 1650">
    <p class='ocr_par' dir='ltr' id='par_1_4' title="bbox 562 1101 2424 1650">
     <span class='ocr_line' id='line_1_7' title="bbox 562 1101 2423 1190; baseline 0.003 -29"><span class='ocrx_word' id='word_1_35' title='bbox 562 1107 753 1162; x_wconf 83' lang='lat' dir='ltr'>Gratia</span> <span class='ocrx_word' id='word_1_36' title='bbox 809 1103 1005 1159; x_wconf 87' lang='lat' dir='ltr'><strong>divina</strong></span> <span class='ocrx_word' id='word_1_37' title='bbox 1043 1116 1099 1159; x_wconf 90' lang='lat' dir='ltr'><strong>et</strong></span> <span class='ocrx_word' id='word_1_38' title='bbox 1142 1105 1469 1182; x_wconf 84' lang='lat' dir='ltr'><strong>benignitas</strong></span> <span class='ocrx_word' id='word_1_39' title='bbox 1517 1108 1778 1190; x_wconf 85' lang='lat' dir='ltr'><strong>coelestis</strong></span> <span class='ocrx_word' id='word_1_40' title='bbox 1824 1109 2134 1166; x_wconf 80' lang='lat' dir='ltr'>descendat</span> <span class='ocrx_word' id='word_1_41' title='bbox 2176 1101 2423 1185; x_wconf 75' lang='lat' dir='ltr'><strong>beetque</strong></span> 
     </span>
     <span class='ocr_line' id='line_1_8' title="bbox 637 1187 2419 1277; baseline 0.001 -19"><span class='ocrx_word' id='word_1_42' title='bbox 637 1203 817 1259; x_wconf 83' lang='lat' dir='ltr'><strong>filium</strong></span> <span class='ocrx_word' id='word_1_43' title='bbox 840 1213 1103 1256; x_wconf 90' lang='lat' dir='ltr'><strong>nostrum</strong></span> <span class='ocrx_word' id='word_1_44' title='bbox 1128 1204 1509 1276; x_wconf 71' lang='lat' dir='ltr'><strong>spiritualem3</strong></span> <span class='ocrx_word' id='word_1_45' title='bbox 1551 1206 1869 1262; x_wconf 87' lang='lat' dir='ltr'><strong>Dominum</strong></span> <span class='ocrx_word' id='word_1_46' title='bbox 1898 1187 2248 1263; x_wconf 89' lang='lat' dir='ltr'><strong>honoratum</strong></span> <span class='ocrx_word' id='word_1_47' title='bbox 2271 1209 2341 1262; x_wconf 92' lang='lat' dir='ltr'><strong>N.</strong></span> <span class='ocrx_word' id='word_1_48' title='bbox 2352 1208 2419 1277; x_wconf 89' lang='lat' dir='ltr'><strong>N.</strong></span> 
     </span>
     <span class='ocr_line' id='line_1_9' title="bbox 637 1297 2424 1378; baseline 0.004 -25"><span class='ocrx_word' id='word_1_49' title='bbox 637 1302 731 1354; x_wconf 83' lang='lat' dir='ltr'><strong>cui</strong></span> <span class='ocrx_word' id='word_1_50' title='bbox 763 1300 916 1354; x_wconf 90' lang='lat' dir='ltr'><strong>Deus</strong></span> <span class='ocrx_word' id='word_1_51' title='bbox 943 1299 1227 1355; x_wconf 88' lang='lat' dir='ltr'><strong>Dominus</strong></span> <span class='ocrx_word' id='word_1_52' title='bbox 1257 1301 1665 1375; x_wconf 89' lang='lat' dir='ltr'><strong>amphssimam</strong></span> <span class='ocrx_word' id='word_1_53' title='bbox 1688 1303 2164 1359; x_wconf 83' lang='lat' dir='ltr'><strong>benedictionem</strong></span> <span class='ocrx_word' id='word_1_54' title='bbox 2200 1297 2424 1378; x_wconf 58' lang='lat' dir='ltr'><strong>imper-f</strong></span> 
     </span>
     <span class='ocr_line' id='line_1_10' title="bbox 635 1385 2424 1475; baseline 0.003 -24"><span class='ocrx_word' id='word_1_55' title='bbox 635 1399 738 1451; x_wconf 90' lang='lat' dir='ltr'><strong>tiat</strong></span> <span class='ocrx_word' id='word_1_56' title='bbox 770 1409 828 1453; x_wconf 90' lang='lat' dir='ltr'><strong>et</strong></span> <span class='ocrx_word' id='word_1_57' title='bbox 866 1415 898 1451; x_wconf 88' lang='lat' dir='ltr'><strong>a</strong></span> <span class='ocrx_word' id='word_1_58' title='bbox 936 1415 1051 1469; x_wconf 88' lang='lat' dir='ltr'><strong>quo</strong></span> <span class='ocrx_word' id='word_1_59' title='bbox 1080 1397 1296 1453; x_wconf 87' lang='lat' dir='ltr'><strong>malum</strong></span> <span class='ocrx_word' id='word_1_60' title='bbox 1337 1402 1601 1454; x_wconf 88' lang='lat' dir='ltr'><strong>omnium</strong></span> <span class='ocrx_word' id='word_1_61' title='bbox 1640 1403 2026 1456; x_wconf 79' lang='lat' dir='ltr'><strong>tentationum</strong></span> <span class='ocrx_word' id='word_1_62' title='bbox 2050 1413 2277 1470; x_wconf 86' lang='lat' dir='ltr'><strong>avertat,</strong></span> <span class='ocrx_word' id='word_1_63' title='bbox 2316 1385 2424 1475; x_wconf 78' lang='lat' dir='ltr'><strong>per</strong></span> 
     </span>
     <span class='ocr_line' id='line_1_11' title="bbox 633 1483 2418 1573; baseline 0.003 -25"><span class='ocrx_word' id='word_1_64' title='bbox 633 1495 1113 1550; x_wconf 84' lang='lat' dir='ltr'><strong>intercessionem</strong></span> <span class='ocrx_word' id='word_1_65' title='bbox 1150 1497 1344 1549; x_wconf 88' lang='lat' dir='ltr'><strong>matris</strong></span> <span class='ocrx_word' id='word_1_66' title='bbox 1383 1496 1516 1564; x_wconf 92' lang='lat' dir='ltr'><strong>Dei,</strong></span> <span class='ocrx_word' id='word_1_67' title='bbox 1573 1499 1814 1573; x_wconf 86' lang='lat' dir='ltr'><strong>virginis</strong></span> <span class='ocrx_word' id='word_1_68' title='bbox 1853 1492 2059 1571; x_wconf 85' lang='lat' dir='ltr'><strong>purae,</strong></span> <span class='ocrx_word' id='word_1_69' title='bbox 2107 1483 2418 1573; x_wconf 82' lang='lat' dir='ltr'><strong>Sanctique</strong></span> 
     </span>
     <span class='ocr_line' id='line_1_12' title="bbox 632 1578 1872 1650; baseline 0.003 -5"><span class='ocrx_word' id='word_1_70' title='bbox 632 1592 784 1647; x_wconf 88' lang='lat' dir='ltr'><strong>Petri</strong></span> <span class='ocrx_word' id='word_1_71' title='bbox 824 1603 881 1646; x_wconf 90' lang='lat' dir='ltr'><strong>et</strong></span> <span class='ocrx_word' id='word_1_72' title='bbox 921 1578 1186 1647; x_wconf 75' lang='lat' dir='ltr'><strong>omnium</strong></span> <span class='ocrx_word' id='word_1_73' title='bbox 1226 1593 1586 1649; x_wconf 85' lang='lat' dir='ltr'><strong>Sanctorum.</strong></span> <span class='ocrx_word' id='word_1_74' title='bbox 1670 1595 1872 1650; x_wconf 77' lang='lat' dir='ltr'><strong>Amen.</strong></span> 
     </span>
    </p>
   </div>
   <div class='ocr_carea' id='block_1_5' title="bbox 283 1757 2484 3003">
    <p class='ocr_par' dir='ltr' id='par_1_5' title="bbox 283 1757 2484 3003">
     <span class='ocr_line' id='line_1_13' title="bbox 297 1757 2416 1848; baseline 0.002 -21"><span class='ocrx_word' id='word_1_75' title='bbox 297 1757 475 1828; x_wconf 80' lang='lat' dir='ltr'><strong>Causa</strong></span> <span class='ocrx_word' id='word_1_76' title='bbox 504 1784 598 1827; x_wconf 90' lang='lat' dir='ltr'><strong>hoc</strong></span> <span class='ocrx_word' id='word_1_77' title='bbox 624 1783 873 1828; x_wconf 89' lang='lat' dir='ltr'><strong>scribendi</strong></span> <span class='ocrx_word' id='word_1_78' title='bbox 905 1794 999 1844; x_wconf 86' lang='lat' dir='ltr'><strong>est,</strong></span> <span class='ocrx_word' id='word_1_79' title='bbox 1037 1794 1095 1830; x_wconf 89' lang='lat' dir='ltr'><strong>ut</strong></span> <span class='ocrx_word' id='word_1_80' title='bbox 1129 1795 1179 1829; x_wconf 92' lang='lat' dir='ltr'><strong>te</strong></span> <span class='ocrx_word' id='word_1_81' title='bbox 1207 1784 1575 1831; x_wconf 87' lang='lat' dir='ltr'><strong>benedicamus.</strong></span> <span class='ocrx_word' id='word_1_82' title='bbox 1647 1787 1818 1846; x_wconf 89' lang='lat' dir='ltr'><strong>Nuper</strong></span> <span class='ocrx_word' id='word_1_83' title='bbox 1853 1786 1957 1848; x_wconf 90' lang='lat'><strong>(96)</strong></span> <span class='ocrx_word' id='word_1_84' title='bbox 2002 1801 2029 1830; x_wconf 88' lang='lat' dir='ltr'><strong>a</strong></span> <span class='ocrx_word' id='word_1_85' title='bbox 2065 1795 2117 1831; x_wconf 88' lang='lat' dir='ltr'><strong>te</strong></span> <span class='ocrx_word' id='word_1_86' title='bbox 2151 1787 2300 1843; x_wconf 82' lang='lat' dir='ltr'><strong>allata</strong></span> <span class='ocrx_word' id='word_1_87' title='bbox 2340 1795 2416 1844; x_wconf 86' lang='lat' dir='ltr'><strong>est</strong></span> 
     </span>
     <span class='ocr_line' id='line_1_14' title="bbox 293 1856 2414 1938; baseline 0.002 -22"><span class='ocrx_word' id='word_1_88' title='bbox 293 1872 505 1931; x_wconf 83' lang='lat' dir='ltr'><strong>epistola</strong></span> <span class='ocrx_word' id='word_1_89' title='bbox 533 1883 580 1916; x_wconf 90' lang='lat' dir='ltr'><strong>et</strong></span> <span class='ocrx_word' id='word_1_90' title='bbox 613 1889 737 1931; x_wconf 89' lang='lat' dir='ltr'><strong>quae</strong></span> <span class='ocrx_word' id='word_1_91' title='bbox 774 1874 1050 1934; x_wconf 81' lang='lat' dir='ltr'><strong>exposuisti</strong></span> <span class='ocrx_word' id='word_1_92' title='bbox 1081 1874 1446 1921; x_wconf 82' lang='lat' dir='ltr'><strong>intelleximus.</strong></span> <span class='ocrx_word' id='word_1_93' title='bbox 1515 1876 1655 1936; x_wconf 84' lang='lat' dir='ltr'><strong>Quod</strong></span> <span class='ocrx_word' id='word_1_94' title='bbox 1694 1876 1754 1920; x_wconf 90' lang='lat' dir='ltr'><strong>ad</strong></span> <span class='ocrx_word' id='word_1_95' title='bbox 1790 1879 1894 1938; x_wconf 85' lang='lat'>(97)</span> <span class='ocrx_word' id='word_1_96' title='bbox 1930 1876 2133 1938; x_wconf 85' lang='lat' dir='ltr'><strong>lignum</strong></span> <span class='ocrx_word' id='word_1_97' title='bbox 2159 1875 2283 1921; x_wconf 88' lang='lat' dir='ltr'><strong>mali</strong></span> <span class='ocrx_word' id='word_1_98' title='bbox 2311 1856 2414 1938; x_wconf 73' lang='lat' dir='ltr'><strong>gra·</strong></span> 
     </span>
     <span class='ocr_line' id='line_1_15' title="bbox 290 1961 2414 2036; baseline 0.003 -33"><span class='ocrx_word' id='word_1_99' title='bbox 290 1961 397 2004; x_wconf 84' lang='lat' dir='ltr'><strong>nati</strong></span> <span class='ocrx_word' id='word_1_100' title='bbox 433 1964 536 2020; x_wconf 84' lang='grc'>(98)</span> <span class='ocrx_word' id='word_1_101' title='bbox 572 1962 775 2021; x_wconf 75' lang='lat' dir='ltr'><strong>attinet,</strong></span> <span class='ocrx_word' id='word_1_102' title='bbox 833 1964 1012 2024; x_wconf 83' lang='lat' dir='ltr'><strong>gratias</strong></span> <span class='ocrx_word' id='word_1_103' title='bbox 1053 1964 1147 2008; x_wconf 90' lang='lat' dir='ltr'><strong>tibi</strong></span> <span class='ocrx_word' id='word_1_104' title='bbox 1170 1965 1395 2026; x_wconf 80' lang='lat' dir='ltr'><strong>agimus3</strong></span> <span class='ocrx_word' id='word_1_105' title='bbox 1460 1980 1585 2009; x_wconf 81' lang='lat' dir='ltr'><strong>uxor</strong></span> <span class='ocrx_word' id='word_1_106' title='bbox 1616 1965 1924 2009; x_wconf 86' lang='lat' dir='ltr'><strong>centurionis</strong></span> <span class='ocrx_word' id='word_1_107' title='bbox 1951 1966 2008 2010; x_wconf 90' lang='lat' dir='ltr'><strong>N.</strong></span> <span class='ocrx_word' id='word_1_108' title='bbox 2045 1999 2056 2010; x_wconf 88' lang='lat'><strong>.</strong></span> <span class='ocrx_word' id='word_1_109' title='bbox 2093 2001 2104 2010; x_wconf 89' lang='lat'><strong>.</strong></span> <span class='ocrx_word' id='word_1_110' title='bbox 2139 1965 2335 2036; x_wconf 80' lang='lat' dir='ltr'><strong>peperit</strong></span> <span class='ocrx_word' id='word_1_111' title='bbox 2360 1966 2414 2011; x_wconf 83' lang='lat' dir='ltr'><strong>fi-</strong></span> 
     </span>
     <span class='ocr_line' id='line_1_16' title="bbox 289 2050 2413 2114; baseline 0.003 -21"><span class='ocrx_word' id='word_1_112' title='bbox 289 2050 434 2107; x_wconf 86' lang='lat' dir='ltr'><strong>liam,</strong></span> <span class='ocrx_word' id='word_1_113' title='bbox 473 2050 686 2109; x_wconf 86' lang='lat' dir='ltr'><strong>indeque</strong></span> <span class='ocrx_word' id='word_1_114' title='bbox 713 2052 801 2096; x_wconf 93' lang='lat' dir='ltr'><strong>illo</strong></span> <span class='ocrx_word' id='word_1_115' title='bbox 822 2068 925 2096; x_wconf 90' lang='lat' dir='ltr'><strong>non</strong></span> <span class='ocrx_word' id='word_1_116' title='bbox 945 2053 1162 2112; x_wconf 89' lang='lat' dir='ltr'><strong>amplius</strong></span> <span class='ocrx_word' id='word_1_117' title='bbox 1199 2056 1303 2109; x_wconf 84' lang='lat'>(80)</span> <span class='ocrx_word' id='word_1_118' title='bbox 1339 2069 1462 2113; x_wconf 91' lang='lat' dir='ltr'><strong>opus</strong></span> <span class='ocrx_word' id='word_1_119' title='bbox 1489 2064 1575 2098; x_wconf 83' lang='lat' dir='ltr'><strong>est.</strong></span> <span class='ocrx_word' id='word_1_120' title='bbox 1611 2054 1810 2113; x_wconf 87' lang='lat' dir='ltr'><strong>Peperit</strong></span> <span class='ocrx_word' id='word_1_121' title='bbox 1831 2054 1995 2114; x_wconf 89' lang='lat' dir='ltr'><strong>primo</strong></span> <span class='ocrx_word' id='word_1_122' title='bbox 2018 2054 2099 2099; x_wconf 90' lang='lat' dir='ltr'><strong>die</strong></span> <span class='ocrx_word' id='word_1_123' title='bbox 2118 2054 2413 2099; x_wconf 88' lang='lat' dir='ltr'><strong>mensisAu·</strong></span> 
     </span>
     <span class='ocr_line' id='line_1_17' title="bbox 291 2139 2412 2203; baseline 0.003 -22"><span class='ocrx_word' id='word_1_124' title='bbox 291 2139 447 2200; x_wconf 81' lang='lat' dir='ltr'><strong>gusti,</strong></span> <span class='ocrx_word' id='word_1_125' title='bbox 486 2140 670 2184; x_wconf 89' lang='lat' dir='ltr'><strong>duabus</strong></span> <span class='ocrx_word' id='word_1_126' title='bbox 702 2151 813 2200; x_wconf 91' lang='lat' dir='ltr'><strong>post</strong></span> <span class='ocrx_word' id='word_1_127' title='bbox 848 2144 954 2203; x_wconf 86' lang='lat'>(99)</span> <span class='ocrx_word' id='word_1_128' title='bbox 990 2142 1209 2186; x_wconf 87' lang='lat' dir='ltr'><strong>mediam</strong></span> <span class='ocrx_word' id='word_1_129' title='bbox 1243 2142 1402 2187; x_wconf 87' lang='lat' dir='ltr'><strong>noctis</strong></span> <span class='ocrx_word' id='word_1_130' title='bbox 1435 2143 1570 2187; x_wconf 91' lang='lat' dir='ltr'><strong>horis</strong></span> <span class='ocrx_word' id='word_1_131' title='bbox 1599 2143 1957 2202; x_wconf 87' lang='lat' dir='ltr'><strong>praeterlapsis.</strong></span> <span class='ocrx_word' id='word_1_132' title='bbox 2029 2145 2164 2188; x_wconf 91' lang='lat' dir='ltr'><strong>Deus</strong></span> <span class='ocrx_word' id='word_1_133' title='bbox 2196 2144 2412 2188; x_wconf 89' lang='lat' dir='ltr'><strong>salutem</strong></span> 
     </span>
     <span class='ocr_line' id='line_1_18' title="bbox 289 2231 2411 2293; baseline 0.003 -22"><span class='ocrx_word' id='word_1_134' title='bbox 289 2239 429 2272; x_wconf 88' lang='lat' dir='ltr'><strong>tuam</strong></span> <span class='ocrx_word' id='word_1_135' title='bbox 454 2241 654 2290; x_wconf 84' lang='lat' dir='ltr'><strong>augeat,</strong></span> <span class='ocrx_word' id='word_1_136' title='bbox 692 2231 824 2288; x_wconf 90' lang='lat' dir='ltr'><strong>quod</strong></span> <span class='ocrx_word' id='word_1_137' title='bbox 857 2231 1076 2275; x_wconf 87' lang='lat' dir='ltr'><strong>laborem</strong></span> <span class='ocrx_word' id='word_1_138' title='bbox 1105 2241 1308 2291; x_wconf 87' lang='lat' dir='ltr'><strong>propter</strong></span> <span class='ocrx_word' id='word_1_139' title='bbox 1337 2247 1426 2276; x_wconf 89' lang='lat' dir='ltr'><strong>nos</strong></span> <span class='ocrx_word' id='word_1_140' title='bbox 1464 2235 1601 2288; x_wconf 90' lang='lat'>(100)</span> <span class='ocrx_word' id='word_1_141' title='bbox 1647 2232 1930 2292; x_wconf 87' lang='lat' dir='ltr'><strong>sumpsisti,</strong></span> <span class='ocrx_word' id='word_1_142' title='bbox 1975 2232 2059 2276; x_wconf 90' lang='lat' dir='ltr'><strong>sed</strong></span> <span class='ocrx_word' id='word_1_143' title='bbox 2081 2233 2284 2293; x_wconf 85' lang='lat' dir='ltr'><strong>lignum</strong></span> <span class='ocrx_word' id='word_1_144' title='bbox 2312 2232 2411 2278; x_wconf 90' lang='lat' dir='ltr'><strong>dic-</strong></span> 
     </span>
     <span class='ocr_line' id='line_1_19' title="bbox 287 2319 2412 2382; baseline 0.003 -21"><span class='ocrx_word' id='word_1_145' title='bbox 287 2327 398 2362; x_wconf 90' lang='lat' dir='ltr'><strong>tum</strong></span> <span class='ocrx_word' id='word_1_146' title='bbox 432 2319 563 2377; x_wconf 89' lang='lat' dir='ltr'><strong>quod</strong></span> <span class='ocrx_word' id='word_1_147' title='bbox 601 2319 813 2381; x_wconf 83' lang='lat' dir='ltr'><strong>gravidis</strong></span> <span class='ocrx_word' id='word_1_148' title='bbox 852 2319 1148 2365; x_wconf 86' lang='lat' dir='ltr'><strong>mulieribus</strong></span> <span class='ocrx_word' id='word_1_149' title='bbox 1189 2320 1410 2380; x_wconf 88' lang='lat' dir='ltr'><strong>prodest,</strong></span> <span class='ocrx_word' id='word_1_150' title='bbox 1454 2321 1590 2365; x_wconf 90' lang='lat' dir='ltr'><strong>haud</strong></span> <span class='ocrx_word' id='word_1_151' title='bbox 1633 2321 1890 2366; x_wconf 87' lang='lat' dir='ltr'><strong>invenisti.</strong></span> <span class='ocrx_word' id='word_1_152' title='bbox 1975 2321 2166 2366; x_wconf 90' lang='lat' dir='ltr'><strong>Gratias</strong></span> <span class='ocrx_word' id='word_1_153' title='bbox 2213 2337 2412 2382; x_wconf 90' lang='lat' dir='ltr'><strong>quoque</strong></span> 
     </span>
     <span class='ocr_line' id='line_1_20' title="bbox 288 2397 2484 2472; baseline 0.003 -22"><span class='ocrx_word' id='word_1_154' title='bbox 288 2407 482 2467; x_wconf 81' lang='lat' dir='ltr'><strong>agimus</strong></span> <span class='ocrx_word' id='word_1_155' title='bbox 510 2423 596 2467; x_wconf 91' lang='lat' dir='ltr'><strong>pro</strong></span> <span class='ocrx_word' id='word_1_156' title='bbox 625 2408 930 2454; x_wconf 89' lang='lat' dir='ltr'><strong>testimonio.</strong></span> <span class='ocrx_word' id='word_1_157' title='bbox 1000 2410 1350 2468; x_wconf 90' lang='lat' dir='ltr'><strong>Dominusque</strong></span> <span class='ocrx_word' id='word_1_158' title='bbox 1383 2420 1553 2454; x_wconf 87' lang='lat' dir='ltr'><strong>noster</strong></span> <span class='ocrx_word' id='word_1_159' title='bbox 1584 2411 1813 2455; x_wconf 89' lang='lat' dir='ltr'><strong>animum</strong></span> <span class='ocrx_word' id='word_1_160' title='bbox 1836 2421 1986 2454; x_wconf 84' lang='lat' dir='ltr'><strong>tuum</strong></span> <span class='ocrx_word' id='word_1_161' title='bbox 2014 2410 2193 2472; x_wconf 82' lang='lat' dir='ltr'><strong>erigat,</strong></span> <span class='ocrx_word' id='word_1_162' title='bbox 2229 2425 2283 2455; x_wconf 90' lang='lat' dir='ltr'><strong>ac</strong></span> <span class='ocrx_word' id='word_1_163' title='bbox 2302 2412 2410 2456; x_wconf 91' lang='lat' dir='ltr'><strong>Deo</strong></span> <span class='ocrx_word' id='word_1_164' title='bbox 2448 2397 2451 2399; x_wconf 85' lang='lat'>.</span> <span class='ocrx_word' id='word_1_165' title='bbox 2475 2468 2484 2472; x_wconf 55' lang='lat'><em>„</em></span> 
     </span>
     <span class='ocr_line' id='line_1_21' title="bbox 287 2497 2409 2560; baseline 0.003 -21"><span class='ocrx_word' id='word_1_166' title='bbox 287 2497 506 2554; x_wconf 79' lang='lat' dir='ltr'><strong>volente,</strong></span> <span class='ocrx_word' id='word_1_167' title='bbox 544 2498 600 2540; x_wconf 91' lang='lat' dir='ltr'><strong>ab</strong></span> <span class='ocrx_word' id='word_1_168' title='bbox 640 2498 733 2542; x_wconf 88' lang='lat' dir='ltr'><strong>hoc</strong></span> <span class='ocrx_word' id='word_1_169' title='bbox 762 2499 1055 2544; x_wconf 84' lang='lat' dir='ltr'><strong>testimonio</strong></span> <span class='ocrx_word' id='word_1_170' title='bbox 1085 2500 1364 2544; x_wconf 87' lang='lat' dir='ltr'><strong>utilitatem</strong></span> <span class='ocrx_word' id='word_1_171' title='bbox 1404 2514 1493 2543; x_wconf 89' lang='lat' dir='ltr'><strong>nos</strong></span> <span class='ocrx_word' id='word_1_172' title='bbox 1537 2515 1641 2544; x_wconf 90' lang='lat' dir='ltr'><strong>esse</strong></span> <span class='ocrx_word' id='word_1_173' title='bbox 1682 2510 1909 2560; x_wconf 88' lang='lat' dir='ltr'><strong>capturos</strong></span> <span class='ocrx_word' id='word_1_174' title='bbox 1956 2514 2224 2559; x_wconf 85' lang='lat' dir='ltr'><strong>speramus.</strong></span> <span class='ocrx_word' id='word_1_175' title='bbox 2308 2501 2409 2556; x_wconf 72' lang='lat' dir='ltr'><strong>Iste</strong></span> 
     </span>
     <span class='ocr_line' id='line_1_22' title="bbox 284 2570 2480 2648; baseline 0.003 -21"><span class='ocrx_word' id='word_1_176' title='bbox 284 2599 395 2628; x_wconf 73' lang='lat' dir='ltr'><strong>vero</strong></span> <span class='ocrx_word' id='word_1_177' title='bbox 426 2586 481 2629; x_wconf 76' lang='lat' dir='ltr'><strong>N.</strong></span> <span class='ocrx_word' id='word_1_178' title='bbox 521 2620 530 2629; x_wconf 88' lang='lat'><strong>.</strong></span> <span class='ocrx_word' id='word_1_179' title='bbox 565 2620 578 2643; x_wconf 80' lang='lat'>,</span> <span class='ocrx_word' id='word_1_180' title='bbox 616 2587 702 2644; x_wconf 91' lang='lat' dir='ltr'><strong>qui</strong></span> <span class='ocrx_word' id='word_1_181' title='bbox 727 2589 857 2632; x_wconf 88' lang='lat' dir='ltr'><strong>male</strong></span> <span class='ocrx_word' id='word_1_182' title='bbox 888 2589 947 2632; x_wconf 92' lang='lat' dir='ltr'><strong>de</strong></span> <span class='ocrx_word' id='word_1_183' title='bbox 976 2588 1119 2633; x_wconf 90' lang='lat' dir='ltr'><strong>nobis</strong></span> <span class='ocrx_word' id='word_1_184' title='bbox 1150 2589 1348 2632; x_wconf 89' lang='lat' dir='ltr'><strong>locutus</strong></span> <span class='ocrx_word' id='word_1_185' title='bbox 1373 2599 1470 2647; x_wconf 86' lang='lat' dir='ltr'><strong>est,</strong></span> <span class='ocrx_word' id='word_1_186' title='bbox 1517 2604 1705 2648; x_wconf 87' lang='lat' dir='ltr'><strong>nosque</strong></span> <span class='ocrx_word' id='word_1_187' title='bbox 1731 2604 1896 2633; x_wconf 88' lang='lat' dir='ltr'><strong>coram</strong></span> <span class='ocrx_word' id='word_1_188' title='bbox 1928 2570 2170 2633; x_wconf 64' lang='lat' dir='ltr'><strong>omnibus&gt;</strong></span> <span class='ocrx_word' id='word_1_189' title='bbox 2189 2587 2408 2633; x_wconf 88' lang='lat' dir='ltr'><strong>homini·</strong></span> <span class='ocrx_word' id='word_1_190' title='bbox 2477 2609 2480 2612; x_wconf 90' lang='lat'>·</span> 
     </span>
     <span class='ocr_line' id='line_1_23' title="bbox 283 2666 2474 2740; baseline 0.003 -25"><span class='ocrx_word' id='word_1_191' title='bbox 283 2672 373 2717; x_wconf 87' lang='lat' dir='ltr'><strong>bus</strong></span> <span class='ocrx_word' id='word_1_192' title='bbox 407 2673 736 2719; x_wconf 79' lang='lat' dir='ltr'><strong>dedecoravit!</strong></span> <span class='ocrx_word' id='word_1_193' title='bbox 782 2677 877 2721; x_wconf 88' lang='lat' dir='ltr'><strong>iste</strong></span> <span class='ocrx_word' id='word_1_194' title='bbox 900 2676 1163 2722; x_wconf 89' lang='lat' dir='ltr'><strong>nobiscum</strong></span> <span class='ocrx_word' id='word_1_195' title='bbox 1189 2678 1261 2722; x_wconf 88' lang='lat' dir='ltr'><strong>ita</strong></span> <span class='ocrx_word' id='word_1_196' title='bbox 1296 2680 1432 2733; x_wconf 89' lang='lat'>(101)</span> <span class='ocrx_word' id='word_1_197' title='bbox 1469 2678 1610 2740; x_wconf 83' lang='lat' dir='ltr'><strong>agit?</strong></span> <span class='ocrx_word' id='word_1_198' title='bbox 1680 2666 1949 2738; x_wconf 78' lang='lat' dir='ltr'><strong>Postquam</strong></span> <span class='ocrx_word' id='word_1_199' title='bbox 1965 2678 2092 2721; x_wconf 89' lang='lat' dir='ltr'><strong>bene</strong></span> <span class='ocrx_word' id='word_1_200' title='bbox 2121 2678 2166 2721; x_wconf 88' lang='lat' dir='ltr'><strong>ei</strong></span> <span class='ocrx_word' id='word_1_201' title='bbox 2191 2677 2287 2722; x_wconf 84' lang='lat' dir='ltr'><strong>feci</strong></span> <span class='ocrx_word' id='word_1_202' title='bbox 2306 2693 2407 2722; x_wconf 88' lang='lat' dir='ltr'><strong>ma·</strong></span> <span class='ocrx_word' id='word_1_203' title='bbox 2470 2697 2474 2700; x_wconf 57' lang='grc'><em>’</em></span> 
     </span>
     <span class='ocr_line' id='line_1_24' title="bbox 287 2761 2406 2825; baseline 0.003 -20"><span class='ocrx_word' id='word_1_204' title='bbox 287 2761 338 2805; x_wconf 82' lang='grc'><strong>10</strong></span> <span class='ocrx_word' id='word_1_205' title='bbox 362 2762 490 2806; x_wconf 85' lang='lat' dir='ltr'><strong>mihi</strong></span> <span class='ocrx_word' id='word_1_206' title='bbox 520 2763 769 2821; x_wconf 85' lang='lat' dir='ltr'><strong>rependit!</strong></span> <span class='ocrx_word' id='word_1_207' title='bbox 839 2765 935 2810; x_wconf 90' lang='lat' dir='ltr'><strong>Dic</strong></span> <span class='ocrx_word' id='word_1_208' title='bbox 974 2765 1044 2825; x_wconf 86' lang='lat' dir='ltr'><strong>ei,</strong></span> <span class='ocrx_word' id='word_1_209' title='bbox 1081 2767 1220 2822; x_wconf 89' lang='lat'><em>(102)</em></span> <span class='ocrx_word' id='word_1_210' title='bbox 1257 2781 1348 2810; x_wconf 89' lang='lat' dir='ltr'><strong>nos</strong></span> <span class='ocrx_word' id='word_1_211' title='bbox 1385 2781 1550 2811; x_wconf 88' lang='lat' dir='ltr'><strong>coram</strong></span> <span class='ocrx_word' id='word_1_212' title='bbox 1578 2769 1685 2812; x_wconf 91' lang='lat' dir='ltr'><strong>Deo</strong></span> <span class='ocrx_word' id='word_1_213' title='bbox 1716 2769 1795 2824; x_wconf 86' lang='lat' dir='ltr'><strong>jus</strong></span> <span class='ocrx_word' id='word_1_214' title='bbox 1832 2775 2062 2811; x_wconf 86' lang='lat' dir='ltr'><strong>nostrum</strong></span> <span class='ocrx_word' id='word_1_215' title='bbox 2097 2780 2201 2809; x_wconf 90' lang='lat' dir='ltr'><strong>esse</strong></span> <span class='ocrx_word' id='word_1_216' title='bbox 2227 2765 2406 2811; x_wconf 84' lang='lat' dir='ltr'><strong>vidioa-</strong></span> 
     </span>
     <span class='ocr_line' id='line_1_25' title="bbox 288 2851 2406 2917; baseline 0.003 -26"><span class='ocrx_word' id='word_1_217' title='bbox 288 2856 440 2892; x_wconf 80' lang='lat' dir='ltr'><strong>turOS.</strong></span> <span class='ocrx_word' id='word_1_218' title='bbox 507 2851 762 2909; x_wconf 80' lang='lat' dir='ltr'><strong>Nescitne,</strong></span> <span class='ocrx_word' id='word_1_219' title='bbox 819 2853 950 2912; x_wconf 88' lang='lat' dir='ltr'><strong>quod</strong></span> <span class='ocrx_word' id='word_1_220' title='bbox 979 2855 1169 2916; x_wconf 86' lang='lat' dir='ltr'><strong>legitur</strong></span> <span class='ocrx_word' id='word_1_221' title='bbox 1198 2855 1255 2899; x_wconf 91' lang='lat' dir='ltr'><strong>in</strong></span> <span class='ocrx_word' id='word_1_222' title='bbox 1283 2855 1481 2900; x_wconf 88' lang='lat' dir='ltr'><strong>Bibliis:</strong></span> <span class='ocrx_word' id='word_1_223' title='bbox 1554 2856 1652 2917; x_wconf 84' lang='lat' dir='ltr'><strong>Qui</strong></span> <span class='ocrx_word' id='word_1_224' title='bbox 1684 2871 1767 2900; x_wconf 86' lang='lat' dir='ltr'><strong>vos</strong></span> <span class='ocrx_word' id='word_1_225' title='bbox 1797 2854 1998 2900; x_wconf 87' lang='lat' dir='ltr'><strong>vestivit</strong></span> <span class='ocrx_word' id='word_1_226' title='bbox 2031 2857 2168 2913; x_wconf 86' lang='lat'><strong>(103)</strong></span> <span class='ocrx_word' id='word_1_227' title='bbox 2203 2853 2406 2898; x_wconf 84' lang='lat' dir='ltr'><strong>vestivit</strong></span> 
     </span>
     <span class='ocr_line' id='line_1_26' title="bbox 287 2937 2403 3003; baseline 0.005 -25"><span class='ocrx_word' id='word_1_228' title='bbox 287 2948 391 2995; x_wconf 87' lang='lat' dir='ltr'><strong>me,</strong></span> <span class='ocrx_word' id='word_1_229' title='bbox 428 2937 515 2994; x_wconf 90' lang='lat' dir='ltr'><strong>qui</strong></span> <span class='ocrx_word' id='word_1_230' title='bbox 534 2953 616 2983; x_wconf 83' lang='lat' dir='ltr'><strong>vos</strong></span> <span class='ocrx_word' id='word_1_231' title='bbox 643 2939 822 2985; x_wconf 81' lang='lat' dir='ltr'><strong>afflixit</strong></span> <span class='ocrx_word' id='word_1_232' title='bbox 850 2957 932 2987; x_wconf 89' lang='lat' dir='ltr'><strong>me</strong></span> <span class='ocrx_word' id='word_1_233' title='bbox 960 2943 1155 2989; x_wconf 80' lang='lat' dir='ltr'><strong>afflixit.</strong></span> <span class='ocrx_word' id='word_1_234' title='bbox 1224 2944 1507 2989; x_wconf 88' lang='lat' dir='ltr'><strong>Dominum</strong></span> <span class='ocrx_word' id='word_1_235' title='bbox 1533 2960 1648 2991; x_wconf 83' lang='lat' dir='ltr'><strong>vero</strong></span> <span class='ocrx_word' id='word_1_236' title='bbox 1675 2945 1733 2990; x_wconf 91' lang='lat' dir='ltr'><strong>N.</strong></span> <span class='ocrx_word' id='word_1_237' title='bbox 1770 2978 1783 2990; x_wconf 88' lang='lat'><strong>.</strong></span> <span class='ocrx_word' id='word_1_238' title='bbox 1819 2979 1829 2990; x_wconf 91' lang='lat'><strong>.</strong></span> <span class='ocrx_word' id='word_1_239' title='bbox 1865 2979 1876 2990; x_wconf 86' lang='lat'><strong>.</strong></span> <span class='ocrx_word' id='word_1_240' title='bbox 1910 2943 2042 3003; x_wconf 88' lang='lat' dir='ltr'><strong>quod</strong></span> <span class='ocrx_word' id='word_1_241' title='bbox 2072 2943 2277 3002; x_wconf 87' lang='lat' dir='ltr'><strong>attinet,</strong></span> <span class='ocrx_word' id='word_1_242' title='bbox 2314 2941 2403 3003; x_wconf 89' lang='lat' dir='ltr'><strong>qui</strong></span> 
     </span>
    </p>
   </div>
  </div>
 </body>
</html>
