2635 3413
1066 273 1515 323 m4ffl

231 433 455 471 vestrum
482 430 693 480 uterque
710 418 862 465 hodie
889 416 1102 479 gaudeat
1127 417 1288 460 salute
1314 423 1363 459 et
1380 411 1670 459 valetudine
1690 410 1954 458 incolumi.
2024 411 2250 457 Salutem
2270 410 2366 457 tibi

232 515 539 574 imprecatur
567 510 758 555 amicus
790 518 924 553 tuus.
995 506 1052 551 N.
1126 504 1383 564 Scriptum
1403 501 1485 547 die
1511 501 1677 546 XXIX
1711 501 1840 559 Maji
1877 500 2000 546 anni
2033 501 2366 547 MDCCCXII

235 601 464 666 Tergesti
482 600 615 646 urbe.

1249 947 1359 1004 HL

498 1090 685 1148 Fratri
726 1086 1040 1151 carissimO,
1084 1081 1438 1148 doctissimO,
1477 1080 1996 1154 praestantissimo,
2039 1075 2365 1152 Chavvagae
2419 1110 2421 1112 ·

650 1187 771 1258 (15)
811 1185 1066 1240 Domino
1108 1199 1238 1236 meo
1279 1180 1350 1235 N.
1389 1198 1563 1253 quem
1601 1179 1755 1233 Deus
1798 1176 1865 1233 O.
1911 1176 1985 1232 Μ.
2027 1177 2363 1233 conservet!

230 1377 366 1449 Post
384 1401 611 1446 multum
635 1395 938 1443 desiderium
956 1391 1138 1438 faciem
1158 1402 1301 1436 tuam
1319 1390 1515 1434 beatam
1534 1388 1758 1447 videndi,
1770 1388 2069 1434 nuntiamus
2086 1386 2200 1447 tibi,
2217 1386 2365 1448 quod,

231 1501 532 1555 quapropter
554 1489 690 1533 Deus
719 1485 851 1530 mihi
872 1484 1170 1540 celebratur,
1208 1481 1406 1525 litterae
1430 1489 1546 1523 tuae
1572 1477 1855 1522 carissimae
1876 1479 2048 1521 ambae
2076 1477 2137 1521 ad
2156 1491 2238 1521 me
2259 1491 2367 1536 per-

231 1582 461 1629 venerint
486 1594 575 1640 per
599 1576 865 1622 dominum
883 1574 968 1631 N.,
1008 1572 1095 1631 qui
1118 1586 1199 1615 me
1219 1568 1542 1630 interrogavit
1566 1570 1669 1622 (21)
1706 1567 1932 1625 meisque
1951 1565 2109 1626 ipsius
2131 1565 2364 1609 manibus
2385 1561 2388 1565 ’

229 1688 307 1718 eas
330 1669 547 1716 tradidit.
619 1667 844 1726 Quarum
862 1663 949 1707 ubi
968 1661 1206 1723 legissem
1229 1669 1276 1703 et
1297 1658 1661 1703 intellexissem
1683 1657 1895 1716 pulchre
1933 1665 1983 1700 et
2013 1656 2268 1716 eleganter
2296 1653 2366 1698 di-

230 1773 308 1808 cta
344 1763 449 1815 (22)
486 1755 727 1802 nonnulli
756 1749 1081 1814 popularium
1110 1763 1364 1805 meorum,
1411 1761 1626 1805 quorum
1655 1762 1769 1790 sum
1801 1743 2198 1802 contubernalis,
2233 1750 2366 1804 post-

231 1865 382 1912 quam
412 1858 461 1892 et
495 1845 594 1906 ipsi
625 1860 702 1889 eas
733 1843 975 1887 vidissent
1005 1850 1053 1884 et
1083 1838 1347 1899 legissent,
1384 1846 1565 1880 mutuo
1593 1834 1954 1879 familiaritatis
1991 1848 2087 1877 usu
2117 1848 2170 1878 se
2193 1843 2364 1878 tecum

230 1941 525 1996 conjunctos
553 1950 658 1979 esse
683 1934 967 1977 voluerunt.
985 1928 1319 1989 Quamobrem
1349 1940 1523 1970 eorum
1550 1924 1658 1981 uni,
1686 1924 1769 1968 cui
1791 1925 1955 1968 multa
1985 1923 2045 1968 de
2068 1933 2119 1967 te
2140 1931 2365 1968 narrave'-

227 2045 357 2085 ram,
395 2024 640 2080 concessi,
678 2032 735 2066 ut
773 2021 892 2065 duas
923 2018 1043 2062 huic
1073 2017 1313 2076 epistolae
1345 2015 1503 2059 lineas
1533 2013 1781 2070 adjiceret.
1854 2012 1997 2073 Quod
2022 2027 2136 2057 vero
2156 1994 2363 2056 vdictum

227 2129 403 2172 tuum,
441 2112 714 2168 carissime,
751 2121 802 2154 te
832 2107 1020 2152 veredis
1051 2105 1269 2166 publicis
1316 2108 1420 2159 (10)
1459 2103 1648 2148 litteras
1679 2102 1738 2146 ad
1768 2117 1850 2146 me
1877 2100 2091 2159 dedisse,
2128 2099 2252 2144 scias
2286 2115 2363 2145 ve-

225 2208 335 2265 lim,
373 2203 508 2265 quod
533 2202 589 2246 ab
611 2216 668 2244 eo
691 2199 831 2256 inde,
853 2212 950 2257 quo
979 2197 1080 2240 huc
1112 2193 1316 2255 perveni
1340 2193 1434 2251 die,
1467 2192 1700 2237 omnibus
1729 2189 2121 2235 hebdomadibus
2145 2189 2363 2235 sciscita-

225 2308 337 2361 tum
353 2294 443 2353 ivi,
480 2307 609 2338 num
635 2288 961 2350 epistolarum
988 2301 1014 2328 a
1039 2295 1088 2330 te
1106 2284 1334 2328 datarum
1355 2283 1524 2341 aliqua
1550 2280 1832 2339 accesserit,
1852 2279 1936 2324 sed
1957 2280 2155 2323 nullam
2175 2279 2361 2340 reperi,

225 2396 282 2431 ut
297 2385 415 2430 adeo
439 2381 659 2427 maxima
679 2378 900 2423 afficerer
917 2374 1125 2420 tristitia
1163 2376 1212 2429 (2
1220 2377 1283 2431 3).
1355 2372 1502 2415 Nunc
1523 2385 1651 2429 vero,
1689 2369 1830 2429 quasi
1847 2379 1989 2413 tuam
2009 2368 2200 2429 ipsius,
2233 2375 2362 2414 ama-

222 2475 435 2531 tissime,
472 2481 774 2532 spectassem
802 2465 983 2511 faciem
1011 2465 1182 2508 laetor.
1253 2463 1318 2505 At
1342 2460 1385 2504 si
1416 2460 1644 2522 Chavaga
1681 2462 1785 2519 (15)
1822 2459 1913 2503 illo
1939 2473 2043 2503 non
2078 2473 2198 2503 usus
2231 2473 2360 2503 esses

223 2564 461 2624 epistolae
486 2569 733 2615 curatore,
769 2557 920 2616 plane
957 2553 1090 2598 nihil
1119 2552 1404 2597 litterarum
1443 2564 1470 2593 a
1502 2559 1553 2594 te
1584 2548 1897 2607 accepissem.
1977 2547 2170 2592 Laudes
2202 2545 2362 2609 igitur

227 2653 459 2698 dicantur
487 2651 608 2694 Deo.
678 2648 841 2707 Quam
882 2643 1109 2704 primum
1134 2651 1305 2685 autem
1338 2639 1440 2683 huc
1473 2653 1796 2699 perveneram
1827 2636 2053 2682 historiis
2083 2634 2359 2682 describen-

223 2741 297 2786 dis
334 2754 535 2799 operam
574 2735 763 2793 navavi,
800 2748 918 2793 quas
946 2746 1089 2776 nunc
1116 2730 1363 2774 absolutas
1402 2729 1462 2773 ad
1492 2728 1686 2772 dictum
1707 2727 2009 2790 Chawagam
2028 2723 2232 2786 pertuli,
2269 2723 2358 2784 qui

224 2829 355 2876 mihi
382 2830 423 2873 L
453 2827 591 2884 illos,
629 2825 689 2868 de
711 2824 891 2882 quibus
912 2835 1115 2866 mecum
1142 2832 1456 2874 conveneraS,
1500 2817 1695 2862 francos
1717 2800 1868 2862 dedit.
1934 2816 2149 2861 Jamhoc
2170 2823 2356 2872 teneas,

222 2917 425 2964 Lutetia
448 2930 529 2960 me
559 2928 761 2958 mecum
788 2911 1060 2971 sumpsisse
1092 2909 1243 2954 libros
1274 2907 1540 2967 impressos
1570 2907 1809 2965 arabicos,
1847 2905 2145 2964 eosdemque
2175 2902 2358 2965 gallice

221 3021 405 3067 versos,
425 3019 546 3066 quos
559 3005 667 3049 loco
689 3001 882 3046 debitae
898 2998 1143 3061 pecuniae
1166 3011 1474 3057 acceperam:
1513 3011 1539 3041 e
1561 2996 1742 3057 quibus
1763 2994 1866 3055 hic,
1902 3003 2027 3053 quot
2045 2990 2205 3055 potui,
2241 3007 2357 3038 ven-

1678 3130 1697 3140 x

2565 2138 2573 2145 .

2605 2611 2632 2845 *²'‘⁶⁷4W‘*²·’⁸2⁵¹
2619 2451 2635 2597 sen
2612 2328 2635 2433 -«-³-·-'„
2626 2311 2627 2314 „
2603 2290 2606 2295 ”
2630 2262 2635 2271 ,
2597 2228 2627 2243 -“
2609 2195 2617 2213 ’“
2597 2124 2631 2182 :sx-
2607 2102 2619 2114 ²

2555 3109 2562 3113 .

2614 3195 2621 3210 ι-
2614 3167 2625 3182 η
2616 3143 2626 3160 ιι
2606 3109 2624 3137 ιζ.
2612 3082 2630 3105 ,ν
2601 2857 2631 3062 ’.Ἢ-Αῆαὲῆνι.
