2635 3413
948 270 1090 290 ‹ss-s«
1158 263 1187 298 2
1192 260 1221 310 5
1290 269 1434 288 Ἂν

120 389 330 447 timent,
366 403 531 448 neque
550 387 841 449 proximum
869 394 1065 442 amant,
1102 383 1195 428 tibi
1224 382 1454 440 notifico,
1491 377 1566 424 mi
1595 378 1670 424 fili
1690 377 2021 435 amatissime,
2057 391 2139 420 me
2160 376 2257 420 hoc

121 478 388 544 inmundo
414 477 602 533 injuria
625 492 941 538 oppressum,
978 475 1063 520 sed
1087 474 1165 530 jus
1185 487 1359 517 meum
1381 486 1407 515 a
1430 471 1536 515 Deo
1557 469 1652 514 hoc
1670 469 1726 514 in
1746 467 1937 512 mundo
1954 478 2004 511 et
2025 467 2080 510 in
2101 466 2257 510 altero

121 569 451 615 obtenturum
471 582 590 613 esse.
659 568 750 612 Pro
770 576 858 611 tua
879 576 930 610 et
950 565 1199 609 bonorum
1225 561 1314 621 qui
1335 562 1502 605 Deum
1523 568 1716 616 amant,
1753 558 1916 602 salute
1937 571 2133 616 semper
2150 569 2258 614 pre-

122 672 218 703 cor.
288 656 445 701 Miser
464 672 579 718 ego,
618 655 795 718 inigne
815 665 1079 713 tractatus,
1117 651 1339 698 sacerdos
1360 649 1455 694 Dei
1476 648 1768 706 celsissimi,
1806 647 1993 703 injuria
2016 645 2253 704 expulsus

125 746 182 791 N.
223 780 236 792 .
268 782 278 792 .
314 745 828 807 Bethlehemita,(93)
866 742 1214 804 eprimoribus
1238 739 1613 798 Hierosolymae
1637 738 1938 798 primatum,
1976 735 2190 796 patriam
2207 742 2257 776 et

125 844 330 898 gentem
350 850 517 879 meam
541 846 743 895 propter
763 844 987 878 sanctam
1010 832 1160 877 fidem
1191 828 1460 888 dereliqui,
1496 844 1550 873 ac
1571 828 1630 873 de
1661 827 1893 871 omnibus
1925 825 2070 869 sectis
2093 823 2258 882 iisque

126 924 411 969 innumeris
434 923 489 967 in
510 924 714 969 Oriente
737 933 786 968 et
801 923 1092 980 Occidente,
1130 922 1237 966 Deo
1259 920 1482 975 adjutus,
1520 917 1712 977 optime
1736 916 1923 973 merui,
1961 915 2104 970 cujus
2125 927 2260 957 sum-

128 1029 273 1058 mum
305 1028 498 1058 numen
534 1013 675 1057 testis
706 1023 794 1058 est.
863 1013 1039 1057 Postea
1065 1012 1257 1056 bonum
1289 1009 1422 1053 malo
1450 1006 1801 1066 rependerunt.
1873 1007 2038 1049 Tuam
2077 1002 2257 1065 igitur,

127 1103 205 1152 sili
232 1102 488 1148 carissime
516 1102 732 1162 imploro
768 1100 905 1164 (93*)
943 1100 1339 1146 misericordiam
1367 1107 1417 1142 et
1438 1095 1742 1154 amicitiam,
1779 1106 1836 1140 ut
1865 1095 1997 1156 apud
2024 1093 2150 1137 viros
2171 1106 2259 1153 gu-

127 1192 461 1239 bernaculum
497 1202 757 1250 tenentes,
803 1206 925 1252 quos
965 1190 1129 1248 nosti,
1187 1187 1409 1233 reditum
1445 1195 1675 1230 nostrum
1717 1185 1772 1230 in
1807 1184 2065 1230 Lutetiam
2101 1196 2258 1227 cures,

131 1281 275 1343 Quod
304 1281 437 1327 mihi
462 1281 640 1327 feceris
675 1281 822 1340 boni,
865 1280 1042 1326 seceris
1066 1280 1197 1336 De0,
1241 1292 1334 1322 nec
1363 1276 1494 1320 mihi
1524 1275 1744 1320 detineas
1771 1275 1939 1321 literas
1969 1285 2104 1331 tuas,
2141 1286 2261 1316 nam

130 1371 284 1418 miser
301 1387 416 1416 sum
438 1381 489 1415 et
513 1371 666 1416 miser
681 1371 819 1416 nihil
854 1370 956 1415 nisi
976 1371 1145 1415 Deum
1175 1378 1262 1412 aut
1287 1366 1366 1411 tui
1397 1366 1589 1410 similes
1613 1366 1776 1410 habet.
1847 1365 1978 1409 Scias
2001 1377 2151 1424 penes
2172 1375 2260 1406 nos

132 1474 238 1506 esse
257 1459 652 1521 expositionem,
689 1475 716 1504 a
734 1459 854 1504 filiis
883 1458 1069 1505 nostris
1084 1456 1388 1515 Mamlukis,
1427 1455 1618 1500 arabice
1645 1455 2003 1514 conscriptam,
2040 1462 2264 1513 spectan-

131 1561 237 1596 tem
263 1564 431 1595 meam
461 1560 512 1596 et
536 1530 764 1611 ipsorum
790 1560 1048 1595 aeternam
1076 1558 1126 1593 et
1153 1547 1487 1607 temporalem
1515 1546 1744 1591 salutem.
1814 1545 1953 1607 Rogo
1986 1554 2058 1601 te,
2096 1552 2154 1586 ut
2173 1555 2263 1601 pro

132 1650 221 1687 tua
258 1631 576 1702 benignitate
611 1655 722 1685 eam
754 1639 1097 1700 interpreteris
1137 1648 1188 1684 et
1216 1636 1510 1697 imperatori
1548 1638 1653 1699 (94)
1690 1634 1866 1680 tradas.
1939 1633 1991 1678 Si
2020 1635 2125 1679 Deo
2163 1632 2264 1692 pla-

134 1728 317 1789 cuerit,
354 1744 512 1776 manu
550 1740 639 1776 tua
681 1730 944 1792 proveniet
977 1731 1184 1774 bonum.
1254 1728 1416 1788 Quare
1451 1742 1540 1772 nos
1584 1725 1814 1772 certiores
1849 1724 2024 1783 facias,
2079 1733 2138 1768 ut
2170 1721 2266 1766 tibi

135 1819 466 1883 scriptionem
485 1820 632 1867 illam
646 1821 909 1866 mittamus
921 1837 936 1880 5
971 1835 1025 1865 ac
1043 1830 1195 1864 tuum
1215 1827 1305 1877 est,
1324 1876 1327 1877 ⁷
1343 1819 1417 1863 mi
1435 1817 1534 1875 fili,
1573 1815 1700 1861 vires
1723 1815 1984 1860 intendere
2003 1823 2052 1858 et
2068 1813 2122 1857 in
2144 1810 2269 1856 redi·-

135 1921 251 1956 tum
280 1919 511 1956 nostrum
535 1925 738 1971 operam
762 1910 1079 1972 impendere:
1119 1924 1209 1971 ego
1241 1907 1381 1953 enim
1402 1918 1544 1968 pater
1567 1917 1685 1952 tuus
1712 1922 1766 1951 ac
1792 1907 1944 1950 frater
1964 1919 2093 1948 sum.
2162 1901 2269 1947 Me-

137 2010 311 2046 mento
336 2014 523 2060 panem
558 2002 663 2062 (95)
699 2011 749 2046 et
769 2001 863 2059 sal,
912 2015 1039 2060 quae
1059 2013 1148 2044 nos
1181 1997 1516 2043 intercedunt.
1539 2011 1543 2015 ’
1591 1998 1852 2041 Summam
1881 1995 2040 2057 igitur
2067 2006 2269 2054 operam

139 2089 223 2136 des
242 2088 430 2135 reditui
447 2100 638 2148 nostr0,
675 2100 851 2151 utpote
874 2090 963 2150 qui
981 2089 1119 2135 haud
1139 2088 1359 2151 ignoraS,
1396 2102 1601 2133 omnem
1622 2097 1847 2132 nostram
1866 2084 2136 2145 pecuniam
2164 2096 2270 2127 esse

113 2166 116 2170 ⁴
140 2188 364 2242 ereptam
384 2179 712 2242 quadraginta
728 2190 923 2240 septem
945 2180 1141 2225 scilicet
1153 2178 1318 2223 millia
1341 2188 1389 2222 et
1404 2178 1707 2239 quingentos
1731 2178 1943 2237 regaleS,
1982 2190 2097 2220 cum
2112 2188 2138 2217 a
2155 2186 2270 2235 rege

142 2270 197 2315 in
219 2269 438 2316 Galliam
453 2270 792 2331 relegaremur
817 2270 858 2315 is
897 2269 955 2316 in
970 2268 1229 2315 Pontificis
1260 2268 1469 2313 maximi
1495 2267 1667 2312 odium
1687 2281 1776 2311 nos
1809 2265 2023 2323 vocavit,
2062 2279 2118 2307 eo
2138 2261 2269 2322 quod

142 2373 276 2405 anno
298 2358 657 2405 MDCCXCIII
694 2360 823 2405 viros
862 2359 1075 2423 triginta
1109 2360 1230 2405 duos
1267 2358 1325 2403 in
1353 2358 1499 2402 domo
1531 2367 1700 2401 nostra
1726 2357 2174 2412 occultaveramuS,
2212 2362 2270 2397 ut

98 2491 102 2497 ,
144 2447 298 2493 morti
325 2461 406 2492 eos
436 2448 768 2509 eriperemus,
813 2452 956 2508 cujus
989 2451 1062 2495 rei
1095 2447 1388 2494 testimonia
1427 2446 1775 2507 probatissima
1818 2445 2040 2490 virorum
2073 2443 2273 2504 perplu-

145 2538 282 2584 rium
303 2536 620 2598 principum,
659 2540 847 2586 ducum
882 2544 986 2603 (94)
1024 2551 1074 2585 et
1100 2538 1428 2594 sacerdotum,
1465 2536 1838 2596 hominumque
1859 2535 1918 2580 de
1937 2535 2082 2595 plebe
2107 2544 2156 2578 et
2175 2533 2275 2578 foe-

146 2627 404 2673 minarum
430 2643 582 2688 penes
624 2645 713 2675 nos
750 2641 884 2676 sunt.
977 2631 1085 2676 Jam
1110 2628 1252 2674 venit
1288 2627 1383 2672 Aid
1421 2626 1704 2688 Begalensis
1734 2637 1883 2685 teque
1905 2623 2245 2680 sal‘verejubet
2257 2639 2271 2681 3

148 2718 374 2777 itemque
393 2717 416 2761 J
421 2719 636 2779 osephus
663 2722 819 2780 Ataya
844 2731 894 2765 et
924 2719 1159 2777 Ibrahym
1181 2717 1435 2773 centuriO,
1472 2717 1793 2775 Michaelque
1814 2714 2024 2775 Cyprius
2047 2713 2276 2760 centurio

150 2822 269 2853 cum
295 2806 402 2853 filio
433 2823 522 2854 suo
541 2810 735 2857 Hanna.
804 2811 1099 2870 Domusque
1129 2809 1497 2854 Furturruman
1526 2822 1616 2852 nec
1645 2821 1750 2851 non
1778 2805 2010 2864 Schahyn
2048 2804 2284 2850 centurio

1200 3003 1233 3050 4
