2635 3413
1050 305 1191 323 κων
1261 296 1287 330 2
1294 297 1325 330 0
1394 303 1534 321 §ss

229 426 507 491 pradictam
536 421 803 484 epistolam
834 434 995 465 errore
1023 416 1325 480 resignasse,
1362 426 1413 462 at
1440 415 1616 462 duobis
1651 415 1796 461 lectis
1821 415 2009 476 verbis,
2056 431 2175 462 cum
2209 414 2359 464 intel-

233 519 463 574 lexisseS,
501 529 610 559 eam
638 527 741 557 non
770 510 829 554 ad
859 519 908 553 te
938 507 1213 568 pertinere,
1251 517 1410 551 totam
1428 508 1683 567 perlegere
1719 508 1802 567 (79
1815 504 1865 561 *)
1903 521 2006 551 non
2038 505 2362 551 continuasse

231 612 362 666 (30),
398 617 547 666 atque
575 604 670 648 hoc
698 599 830 645 mihi
851 597 1151 642 asseverasti.
1224 595 1358 640 Scias
1380 610 1492 639 vero
1529 598 1649 656 (37),
1689 594 1740 638 id
1767 594 1962 638 nullius
1996 610 2101 640 esse
2133 610 2362 640 momen-

229 698 298 756 113
367 712 485 742 nam
515 693 804 754 quicunque
837 687 986 744 vivit,
1033 685 1179 730 certis
1212 684 1519 744 temporibus
1556 682 1613 727 in
1650 683 1828 727 multis
1857 683 2010 728 homo
2041 693 2183 730 errat.
2253 685 2363 746 Qua

232 788 291 834 in
320 802 373 832 re
402 785 532 846 quod
558 796 717 827 errore
745 781 822 837 fit,
859 790 1126 835 nunquam
1152 765 1296 819 nobis
1325 775 1600 818 molestum
1629 782 1729 831 est3
1801 772 1854 816 id
1885 771 2020 831 quod
2048 782 2098 832 te
2129 772 2255 818 scire
2280 789 2362 820 vo·

233 878 325 925 lui,
396 872 599 936 Rogasti
636 871 740 925 (80)
777 877 834 911 ut
864 866 959 910 tibi
992 879 1289 924 responsum
1322 863 1522 921 demus,
1560 861 1760 906 etiamsi
1796 861 1922 906 duae
1955 871 2160 906 tantum
2197 874 2364 910 essent

235 968 424 1023 lineae,
460 977 579 1023 quas
600 974 688 1021 pro
720 957 941 1001 amuleto
968 955 1199 1012 haberes3
1235 963 1285 997 et
1311 953 1385 998 mi
1411 952 1595 1011 amice,
1633 967 1794 1010 quum
1831 954 1935 1007 (81)
1973 951 2220 1011 inceperis
2257 955 2364 1010 (80)

234 1052 596 1104 commercium
618 1046 900 1094 literarium
920 1045 1185 1089 nobiscum
1207 1044 1382 1101 colere,
1416 1041 1626 1086 omnino
1653 1051 1886 1085 nostrum
1911 1051 2009 1100 est,
2045 1041 2141 1086 tibi
2165 1057 2366 1102 respon-

233 1149 361 1194 dere.
429 1144 559 1188 Nam
592 1136 912 1200 proverbium
947 1135 1197 1178 usitatum
1234 1132 1379 1177 dicit:
1440 1131 1540 1192 Qui
1577 1131 1637 1175 ad
1664 1141 1714 1175 te
1742 1130 1932 1189 tendit,
1978 1130 2102 1176 huic
2138 1130 2368 1178 debitum

234 1252 386 1284 suum
411 1231 626 1295 praesta!
698 1227 949 1272 Praeclare
976 1224 1167 1294 fecisti,
1205 1222 1337 1282 quod
1354 1220 1587 1266 nostrum
1610 1235 1806 1265 memor
1833 1220 1977 1265 nobis
2005 1221 2273 1281 scripsisti,
2311 1237 2367 1268 ac

235 1325 414 1374 deinde
442 1318 815 1367 humanitatem
841 1326 984 1359 tuam
1008 1329 1065 1358 eo
1095 1312 1380 1370 declarasti,
1419 1311 1552 1370 quod
1573 1311 1714 1355 nobis
1740 1310 1995 1369 obtulisti,
2033 1311 2368 1372 quodcunque

237 1416 379 1464 nobis
410 1429 437 1459 e
462 1411 666 1474 regione
694 1418 782 1452 tua
811 1403 1150 1450 necessarium
1180 1402 1268 1446 sit:
1308 1416 1461 1460 qua-m
1491 1411 1633 1445 tuam
1661 1399 1846 1444 idcirco
1872 1400 2244 1467 benignitatem
2262 1402 2368 1447 lau-

235 1509 425 1554 damus.
495 1503 631 1546 Deus
650 1508 800 1542 tuum
818 1494 960 1540 nobis
994 1501 1251 1538 conservet
1276 1492 1521 1534 amorem!
1557 1490 1626 1534 Ac
1646 1489 1690 1533 si
1707 1488 1833 1548 quid
1850 1489 1993 1533 nobis
2026 1488 2367 1536 necessarium

237 1598 404 1644 visum
425 1590 602 1646 fuerit,
639 1587 693 1632 id
717 1585 814 1630 tibi
835 1599 924 1629 suo
947 1594 1173 1643 tempore
1194 1580 1545 1625 indicabimus.
1615 1579 1713 1623 Nos
1744 1593 1882 1622 nunc
1905 1579 2121 1623 Liburni
2148 1595 2368 1625 commo-

237 1700 407 1735 ramur
418 1700 431 1742 3
483 1678 614 1740 quod
640 1677 683 1721 si
714 1675 874 1738 igitur
911 1672 1102 1732 aliquid
1128 1672 1221 1715 hac
1249 1685 1307 1715 ex
1332 1669 1539 1731 regione
1562 1668 1657 1712 tibi
1689 1668 2028 1712 necessarium
2054 1668 2233 1729 fuerit,
2269 1670 2371 1734 hoc·

241 1777 383 1824 nobis
414 1771 606 1827 indica3
643 1779 908 1824 nunquam
931 1764 1037 1807 ulla
1062 1760 1368 1805 intermissio
1393 1760 1540 1818 culpa
1562 1768 1730 1802 nostra
1749 1757 1944 1802 accidit.
2017 1760 2369 1805 Creaturarum

238 1863 524 1915 Dominum
547 1870 831 1919 precamur,
868 1863 926 1897 ut
958 1853 1138 1896 haecce
1169 1850 1380 1910 epistola
1412 1849 1607 1897 salvum
1631 1858 1681 1892 te
1714 1857 1765 1892 et
1793 1848 2108 1893 incolumem
2136 1848 2369 1912 attingat.

243 1957 385 2004 Salve
403 1961 451 1997 et
472 1948 595 1993 felix
622 1946 687 1990 sis
719 1945 774 1988 in
805 1942 1198 2003 sempiternum!
1255 1941 1259 1944 ’

378 2041 475 2088 Die
494 2039 576 2085 IV.
591 2034 873 2093 Februarii,
918 2030 1136 2078 Liburni
1157 2043 1291 2073 anno
1317 2026 1707 2101 MDCCCXVH,

1621 2116 1818 2177 Alhag
1857 2114 2268 2162 Muhammed.

1249 2440 1357 2496 XI.

510 2543 654 2601 Viro
696 2539 1038 2618 dignissimo
1080 2543 1267 2595 amico
1312 2540 1647 2608 carissimO,
1686 2539 1942 2596 Domino
1983 2542 2105 2614 (82)
2140 2542 2218 2600 N.

666 2659 841 2714 quem
878 2640 944 2694 D.
986 2637 1053 2694 O.
1092 2638 1166 2692 M.
1205 2640 1272 2693 in
1308 2638 1708 2694 incolumitate
1751 2641 2083 2694 conservet!

246 2785 383 2857 Post
408 2810 714 2858 declaratum
740 2807 1046 2853 desiderium
1075 2806 1356 2851 maximum
1393 2806 1594 2851 lumina
1623 2804 1774 2873 faciei
1800 2817 1918 2852 tuae
1940 2807 2112 2851 beatae
2138 2806 2282 2852 omni
2311 2806 2370 2853 in

242 2901 486 2947 felicitate
501 2910 550 2946 et
568 2897 918 2944 incolumitate
940 2896 1168 2955 viden'di,
1204 2896 1300 2940 hoc
1317 2896 1435 2954 tibi,
1471 2896 1860 2941 honoratissime
1878 2896 2199 2956 nuntiamus,
2235 2897 2368 2957 quod

240 2990 549 3038 faustissime
579 2999 728 3049 atque
756 2987 1033 3034 laetissimo
1055 2997 1282 3047 tempore
1309 3000 1418 3031 cara
1444 2995 1533 3031 tua
1552 2996 1602 3032 et
1624 2986 1888 3032 aestimata
1906 2985 2143 3047 epistola,
2179 2985 2365 3048 scripta
