2635 3413
1105 239 1248 258 κων
1320 231 1349 278 3
1418 240 1561 258 m

256 352 588 413 scriptionem
623 355 730 414 (14)
766 352 1015 409 adjiciam.
1087 353 1188 398 Nec
1210 353 1424 398 dubium
1442 363 1522 398 est
1555 356 1642 411 (8),
1679 352 1807 412 quin
1830 352 1935 413 ipse
1953 351 2242 414 cognoveris
2261 351 2400 395 hunc

251 443 358 488 Ben
378 443 539 487 Susan
561 443 685 487 dum
696 443 929 487 Lutetiae
951 443 1351 490 commorabaris.
1420 445 1445 489 J
1449 459 1530 488 am
1547 458 1662 488 vero
1682 459 1746 488 ne
1766 458 1909 504 aegre
1929 443 2054 488 feras
2075 456 2216 503 rogo,
2266 440 2398 499 quod

249 542 356 578 tam
374 533 536 578 brevis
558 533 656 576 sim
686 533 741 576 in
771 532 1045 577 scribendis
1076 533 1276 579 litteris.
1348 534 1577 596 Negotiis
1606 543 1877 593 occupatus
1909 548 2023 577 sum
2050 547 2161 575 mea
2187 530 2400 574 referen-

248 622 400 668 tibus.
470 623 634 684 Quam
663 622 891 682 primum
922 632 1093 667 autem
1120 637 1389 682 pervenero
1412 624 1740 685 Tergestum,
1808 623 1980 668 omnia
2014 621 2109 666 tibi
2152 619 2396 681 prolixius

249 711 501 757 enarrabo.
571 713 796 756 lNIultam
826 715 1043 758 salutem
1074 728 1240 757 meam
1271 713 1450 773 sorori,
1490 714 1680 758 amicae
1709 712 2153 771 honoratissimae,
2191 709 2399 772 conjugi

249 813 387 859 tuae,
425 803 656 860 salutem,
688 801 922 862 inquam,
960 803 1321 863 sempiternam
1352 805 1409 847 ab
1437 803 1598 848 amico
1622 815 1726 848 tuo,
1796 804 1855 849 N.

385 893 578 937 Datum
611 892 691 938 die
720 892 928 938 Veneris
962 893 1050 939 ΙΙΙ.
1083 892 1296 962 Aprilis,
1335 894 1459 939 anni
1482 893 1828 940 MDCCCXII.

1279 1207 1347 1263 II.

517 1339 772 1394 Domino
817 1342 1139 1407 carissimo,
1192 1341 1448 1395 Domino
1489 1340 1606 1404 (15)
1647 1338 1714 1394 N.
1797 1357 1970 1411 quem
2011 1337 2164 1391 Deus
2209 1333 2274 1390 Ο.
2316 1332 2391 1388 Μ.

669 1450 990 1492 conservet.

243 1583 383 1657 Post
418 1621 629 1658 auctum
651 1613 958 1659 desiderium
993 1611 1278 1658 maximum
1313 1612 1519 1658 videndi
1544 1615 1615 1672 (3)
1651 1612 1834 1658 faciem
1867 1623 2011 1658 tuam
2043 1613 2255 1672 beatam,
2293 1627 2392 1658 cer-

243 1703 429 1749 tiorem
454 1713 506 1748 te
540 1705 691 1764 facio,
736 1706 915 1764 frater,
947 1705 1080 1764 quod
1119 1706 1281 1750 salute
1310 1714 1363 1749 et
1395 1704 1686 1749 valetudine
1720 1705 1968 1767 gaudens,
2036 1706 2154 1764 (qua
2188 1714 2391 1764 propter

245 1795 354 1840 Deo
384 1809 427 1840 o.
453 1809 520 1840 m.
557 1796 740 1858 gratias
780 1797 938 1841 habeo
975 1795 1113 1851 (16))
1184 1796 1488 1857 Tergestum
1511 1795 1690 1839 urbem
1713 1795 1877 1858 tetigi,
1914 1794 2103 1858 viginti
2123 1794 2282 1840 ferme
2308 1795 2386 1840 ab·

245 1884 370 1930 hinc
390 1885 517 1945 dies,
555 1886 834 1931 consumtis
865 1886 921 1930 in
940 1876 1147 1945 itinere,
1183 1885 1546 1946 proficiscendo
1584 1896 1636 1930 et
1656 1885 1979 1945 quiescendO,
2018 1885 2191 1930 diebus
2212 1885 2390 1948 trigin-

245 1986 298 2021 ta
339 1974 580 2036 quinque.
648 1977 842 2022 Blultas
882 1976 1209 2022 transivimus
1255 1976 1426 2035 urbes,
1475 1991 1689 2036 quarum
1718 1977 2017 2038 praecipuae
2037 1986 2159 2021 sunt
2186 1977 2389 2040 Lugdu-

247 2081 400 2125 num,
423 2067 726 2126 Taurinum,
762 2066 1118 2111 R'Iediolanum
1146 2077 1194 2111 et
1205 2067 1460 2112 Venetiae.
1497 2069 1799 2129 Tergestum
1821 2067 2027 2126 quidem
2053 2068 2167 2112 urbs
2190 2079 2263 2113 est
2284 2083 2390 2128 par-

248 2173 309 2216 va
335 2157 422 2202 sed
443 2156 635 2217 lepida,
673 2157 960 2217 emporium
991 2157 1312 2202 maritimum
1340 2157 1398 2202 in
1432 2157 1550 2202 sinu
1575 2160 1678 2221 (17)
1695 2158 1952 2204 VenetiCO.
1985 2158 2241 2203 Habebam
2272 2173 2386 2204 vero

246 2262 486 2310 magnam
520 2247 722 2306 cistam,
760 2248 844 2292 cui
883 2263 1056 2293 omnes
1094 2264 1169 2293 res
1201 2248 1336 2292 mihi
1364 2248 1684 2308 necessarias,
1730 2263 1905 2293 omnes
1942 2248 2095 2293 etiam
2127 2248 2277 2293 libros
2316 2252 2387 2311 (ἶ)

246 2338 614 2382 mandaveram.
684 2338 844 2397 Hanc,
880 2353 978 2398 quo
1005 2339 1176 2384 minor
1205 2348 1334 2384 esset
1358 2349 1573 2397 sumtus,
1607 2339 1844 2384 vehiculo
1867 2337 2211 2386 mercimoniis
2232 2348 2388 2383 trans-

247 2428 488 2473 vehendis
510 2427 772 2487 destinato,
809 2429 1042 2474 Lutetiae
1060 2430 1259 2475 tradidi.
1314 2429 1459 2474 Unde
1477 2444 1636 2489 sper0,
1659 2444 1770 2474 eam
1791 2428 1976 2491 viginti
1996 2428 2195 2474 circiter
2213 2428 2386 2473 diebus

243 2519 346 2564 huc
363 2529 720 2580 perventuram
742 2534 860 2563 esse.
933 2520 1043 2580 Quo
1070 2521 1226 2579 facto,
1263 2521 1371 2565 Deo
1392 2529 1671 2576 annuente,
1711 2519 1984 2564 describere
2005 2518 2100 2562 tibi
2126 2517 2386 2579 incipiam.

244 2609 325 2653 Tu
354 2608 502 2654 modo
520 2609 596 2654 fac
617 2609 739 2654 hinc
763 2609 951 2670 deligas
973 2609 1254 2655 amicorum
1276 2620 1485 2654 tuorum
1515 2609 1762 2669 aliquem,
1801 2609 1883 2654 cui
1906 2608 2274 2669 manuscriptos
2294 2620 2388 2654 tra-

243 2699 386 2757 dam,
425 2699 484 2744 ad
512 2709 564 2744 te
594 2699 929 2759 perferendos,
1012 2700 1146 2745 Scias
1179 2711 1351 2745 autem
1383 2701 1539 2746 velim
1567 2715 1649 2744 me
1674 2699 1964 2744 adhucdum
2001 2702 2106 2754 (18)
2142 2699 2388 2762 ignorare,

242 2789 442 2848 quando
461 2790 721 2835 Lutetiam
741 2790 994 2835 rediturus
1019 2790 1130 2834 sim.
1203 2790 1347 2852 Quod
1373 2791 1415 2835 si
1436 2801 1510 2848 tn,
1538 2790 1611 2834 mi
1632 2790 1803 2847 frater,
1827 2790 1999 2834 oleum
2021 2771 2248 2834 rosarum
2283 2795 2386 2853 (19)

241 2879 553 2939 vendideris,
590 2880 643 2925 id
663 2881 795 2925 mihi
816 2881 1022 2939 nuntia;
1060 2880 1191 2940 quod
1211 2880 1558 2941 concupiveris
1593 2879 1731 2924 istius
1751 2878 1848 2938 olei
1861 2880 1954 2924 tibi
1985 2880 2204 2926 mittam.
2251 2871 2398 2927 qulss

242 2978 348 3014 tam
367 2971 586 3029 salutem
611 2972 766 3016 sorori
797 2958 1016 3029 amatae,
1056 2970 1290 3016 dominae
1310 2970 1519 3034 conjugi
1544 2981 1660 3015 tuae
1696 2974 1818 3026 (20).
1888 2970 2026 3014 Deus
2053 2969 2291 3032 adspiret,
2329 2984 2385 3017 ut

1285 3077 1305 3108 Ι
1346 3062 1376 3089 *
