2635 3413
960 243 1104 262 „w
1171 236 1234 287 29
1304 246 1448 266 vs„

721 373 785 420 B.
880 351 1671 422 SCHEDULAE.

326 598 447 644 Viro
493 598 776 658 dignissimo
806 631 821 656 ,
869 599 1078 644 Domino
1116 600 1517 654 honoratissimo,
1577 603 1830 662 Chaumga
1864 605 1928 649 N.
1969 641 1979 652 .
2016 637 2026 649 .
2066 619 2200 665 quem

458 689 594 733 Deus
629 696 903 734 conservet!

120 816 258 888 Post
273 843 558 904 plurimum
579 854 628 888 et
647 859 870 889 crescens
892 843 1220 903 desiderium,
1252 846 1430 890 lumen
1447 846 1594 890 faciei
1622 833 1738 892 tuae
1758 848 1930 894 beatae
1950 852 2093 896 omni
2117 852 2171 897 in
2187 855 2267 898 bo-

120 948 186 978 no
218 943 267 977 et
294 933 649 978 incolumitate
669 933 890 991 videndi,
925 933 969 977 si
998 934 1058 978 de
1076 935 1227 978 fratre
1262 945 1350 979 tuo
1374 935 1781 997 interrogaveriS,
1819 939 1926 982 Deo
1947 939 2052 985 sint
2074 941 2268 1004 laudes,

119 1022 271 1066 hodie
289 1022 420 1067 bono
441 1038 555 1066 sum
578 1031 736 1080 stam,
773 1021 875 1067 nisi
894 1023 1030 1081 quod
1050 1023 1251 1067 morbus
1275 1039 1418 1068 meus
1435 1024 1586 1069 biduo
1602 1025 1720 1069 inde
1739 1028 1967 1088 augescit
1987 1041 2048 1075 ut
2066 1046 2268 1094 surgere

120 1126 370 1171 nequeam
403 1111 462 1156 de
487 1112 640 1169 lecto,
677 1111 880 1169 jamque
903 1122 1089 1172 magna
1119 1127 1201 1156 me
1230 1111 1442 1157 incessit
1476 1114 1701 1159 tristitia.
1773 1117 1980 1176 QuaeSO,
2019 1121 2092 1166 mi
2117 1124 2263 1168 caris·

119 1200 269 1259 sime,
307 1200 478 1244 animo
510 1210 598 1244 tuo
628 1200 944 1244 nobilissimo
973 1185 1236 1262 injungas,
1274 1212 1332 1245 ut
1361 1217 1450 1261 per
1480 1203 1618 1247 hunc
1638 1205 1965 1251 Mamlukum
1989 1209 2180 1255 librum
2205 1213 2262 1258 il-

119 1291 231 1335 lum
255 1305 467 1349 parvum
495 1290 757 1348 Syriacum
792 1289 852 1333 ad
875 1304 958 1334 me
984 1289 1156 1334 mittas
1186 1305 1283 1348 quo
1318 1290 1374 1334 in
1401 1292 1717 1353 aegritudine
1749 1310 1860 1339 mea
1881 1300 2109 1343 consoler
2136 1311 2185 1345 et
2217 1302 2258 1346 si

117 1379 434 1441 benignitate
473 1388 560 1423 tua
585 1377 772 1438 viginti
812 1378 997 1422 francis
1030 1394 1112 1422 me
1138 1379 1260 1422 velis
1296 1380 1566 1424 sublevare.
1637 1382 1764 1425 Nam
1789 1395 1982 1441 praeter
2012 1388 2180 1434 Deum
2206 1402 2256 1436 et

116 1479 193 1527 te,
229 1469 306 1513 vir
329 1466 652 1528 dignissime,
691 1467 827 1511 mihi
860 1482 965 1511 non
992 1477 1066 1512 est
1094 1467 1154 1512 ad
1178 1484 1330 1527 quem
1363 1469 1668 1530 confugiam.
1738 1472 1895 1517 Illum
1929 1490 2151 1538 praecor,
2201 1493 2258 1527 ut

115 1556 275 1602 vitam
296 1566 438 1601 tuam
458 1555 820 1618 longissimum
841 1556 897 1600 in
925 1566 1125 1617 tempus
1153 1558 1286 1602 mihi
1314 1560 1599 1621 prolonget.
1666 1561 1821 1622 Perge
1847 1564 2023 1610 valere.

308 1645 513 1691 Salutat
554 1654 606 1690 te
638 1646 792 1691 frater
826 1655 945 1690 tuus
1016 1646 1075 1691 N.
1110 1647 1168 1692 N.

1147 1807 1210 1852 ΙΙ.

251 1893 359 1939 Hac
376 1904 579 1954 vespera
597 1893 863 1939 benedicta
882 1894 1023 1954 veni,
1061 1905 1120 1940 ut
1145 1895 1364 1941 nitidam
1394 1906 1535 1942 tuam
1567 1897 1789 1943 viderem
1815 1900 2252 1960 pulchritudinem

115 1993 166 2029 et
183 1998 451 2044 personam
469 1993 613 2028 tuam
641 1985 952 2029 fortunatam
975 1986 1259 2046 exspectavi
1290 2001 1445 2046 usque
1468 1987 1526 2031 ad
1555 1987 1733 2032 horam
1753 1990 2045 2052 septimam,
2082 1995 2252 2042 minus

115 2073 413 2133 quadrante,
450 2073 536 2118 sed
560 2073 769 2118 domum
800 2088 905 2118 non
931 2075 1142 2120 rediisti.
1214 2077 1374 2137 Quare
1401 2077 1460 2121 de
1489 2076 1706 2122 adventu
1736 2087 1826 2123 tuo
1851 2095 1955 2126 non
1975 2082 2249 2144 obsequuto

112 2165 297 2225 ingens
329 2179 411 2207 me
437 2162 646 2208 incessit
667 2163 890 2208 tristitia.
960 2165 1067 2208 Deo
1091 2176 1351 2210 annuento
1371 2165 1553 2211 faciem
1578 2176 1720 2211 tuam
1744 2176 1796 2212 etv
1812 2171 2249 2228 pulchritudinem

111 2253 445 2312 habitumque
475 2267 500 2295 a
526 2253 633 2296 Deo
668 2252 979 2296 custoditum
1010 2254 1185 2299 videbo
1217 2255 1298 2300 die
1332 2255 1483 2314 Solis,
1541 2271 1598 2300 eo
1630 2254 1756 2316 fine,
1798 2268 1857 2302 ut
1891 2270 2061 2306 tecum
2089 2279 2249 2311 come-

111 2342 226 2387 dam
252 2341 424 2386 cibum
443 2341 752 2402 Aegyptium
776 2357 804 2386 a
835 2356 992 2402 coquo
1021 2345 1273 2407 Aegyptio
1303 2354 1551 2405 paratum.
1621 2346 1776 2409 Perge
1802 2349 1978 2395 valere.
2047 2352 2243 2401 Salutat

108 2442 160 2477 te
178 2431 330 2476 frater
398 2431 444 2474 N
448 2464 652 2476 .....

1127 2593 1215 2638 III.

242 2678 323 2723 Mi
351 2677 607 2723 carissime
636 2678 695 2722 N.
726 2678 784 2723 N.
823 2712 832 2723 .
872 2713 881 2723 .
917 2689 968 2723 te
1000 2683 1285 2726 osculatum
1313 2679 1455 2740 veni,
1501 2696 1594 2727 nec
1632 2692 1804 2728 tamen
1839 2686 2016 2745 reperi.
2085 2689 2244 2751 Quare

114 2768 202 2814 ubi
229 2767 518 2830 benignitas
550 2778 639 2813 tua
668 2768 988 2826 concesserit,
1025 2779 1076 2814 te
1104 2785 1249 2834 rogo,
1287 2781 1345 2815 ut
1374 2771 1617 2817 hodierno
1645 2773 1749 2832 die,
1784 2774 1906 2819 hora
1923 2778 2139 2824 secunda
2157 2795 2242 2841 po-

102 2857 383 2902 meridiana
408 2867 497 2902 aut
535 2872 660 2917 cras,
698 2858 778 2902 die
804 2857 1032 2918 Saturni,
1069 2873 1152 2906 me
1181 2861 1330 2919 visas,
1368 2876 1423 2905 ac
1452 2863 1617 2907 multa
1636 2862 1730 2907 tibi
1747 2864 1905 2908 scriba
1926 2865 2079 2923 hujus
2103 2869 2241 2916 debe-

101 2947 191 2993 bit.
261 2946 358 2994 Die
393 2947 601 2992 Veneris
643 2948 766 2992 hora
802 2947 887 2992 XI.
1094 3014 1096 3016 Ι
1370 2951 1575 2996 Amicus
1610 2961 1728 2998 tuus
1767 2953 1825 2999 G.
1863 2955 1921 2999 T.
1955 2956 2201 3006 Sacerdos.
