2635 3413
702 438 764 488 c.
859 411 1692 491 TESTIMONIA.

136 638 312 710 Penes
351 680 433 710 me
464 675 608 723 sunt,
646 665 744 710 fide
772 680 883 709 mea
922 664 1160 727 obligata,
1197 663 1339 708 fratri
1368 662 1646 719 carissimo,
1693 661 2107 722 honoratissimO,
2143 664 2273 709 dom.

134 755 193 800 N.
231 790 240 800 .
277 790 287 801 .
324 754 628 812 venerando,
666 754 1040 815 quinquaginta
1061 752 1255 811 Franci,
1296 767 1418 811 quos
1440 751 1519 796 die
1541 752 1743 796 Saturni
1771 753 1905 797 haud
1928 767 2064 797 mora
2083 755 2270 798 solvere

133 843 391 904 promitto,
461 843 639 888 Cautio
662 844 768 899 ejus
785 843 852 887 sit
873 843 1268 904 chirographum
1289 857 1465 886 meum
1483 851 1533 887 et
1549 856 1752 886 nomen.
1824 842 2081 902 Scriptum
2101 844 2269 890 XXIII

137 933 217 979 die
234 932 423 978 mensis
453 930 775 976 Thermidori
798 932 921 979 anni
939 933 1073 977 XIII.
1611 929 1833 990 Scriptor
1860 932 2012 988 hujus
2039 932 2096 978 N.

1174 1091 1236 1134 ΙΙ.

272 1223 427 1268 Allati
459 1232 580 1268 sunt
611 1238 638 1268 a
677 1223 888 1269 dom.N.
926 1258 936 1269 .
973 1257 983 1267 .
1023 1222 1229 1267 ducenti
1253 1221 1623 1284 quinquaginta
1648 1222 1848 1282 floreni,
1885 1225 2108 1284 pretium
2136 1241 2266 1271 com-

134 1313 364 1375 plurium
377 1313 651 1371 librorum,
698 1328 820 1372 quos
852 1313 899 1358 ei
927 1312 1306 1372 descripseram,
1356 1327 1670 1372 quorumque
1703 1313 1762 1357 de
1795 1314 1956 1372 pretio
1993 1315 2126 1360 dicto
2154 1331 2267 1361 con·

133 1413 343 1447 ventum
365 1412 480 1447 erat.
549 1402 693 1463 Quod
711 1402 772 1446 ad
793 1402 1082 1447 testandum
1115 1417 1305 1446 nomen
1332 1417 1507 1446 meum
1542 1402 1741 1446 chartae
1761 1403 1882 1448 huic
1904 1406 2129 1464 apposui.

133 1493 232 1538 Die
251 1492 465 1545 XXVIII
496 1491 686 1536 mensis
705 1491 834 1548 Maji
857 1492 1195 1537 MDCCCXV.
1240 1529 1247 1543 ,
1324 1562 1332 1571 „
1706 1492 1928 1553 Scriptor
1950 1495 2104 1552 hujus
2134 1495 2192 1541 N.

1149 1651 1240 1695 III.

869 1783 1160 1829 GLORIA
1195 1784 1321 1829 SIT
1357 1785 1534 1829 DEO!

269 1894 402 1957 Ego,
439 1894 583 1952 cujus
622 1894 977 1957 subsignatum
1005 1905 1080 1940 est
1103 1910 1315 1952 nomen,
1353 1895 1449 1939 hoc
1478 1894 1797 1957 testimonio,
1835 1897 1894 1943 de
1924 1914 2021 1958 quo
2049 1915 2152 1945 non
2180 1900 2265 1945 du-

137 1983 307 2043 bium,
342 1984 488 2028 firmo
513 1999 567 2029 ac
590 1985 745 2045 probo
774 1985 1083 2044 cuicunque,
1122 1985 1211 2045 qui
1229 1986 1325 2030 hoc
1356 1985 1603 2045 scriptum
1631 2002 1806 2031 meum
1821 1987 2120 2049 inspexerit,
2157 2005 2265 2050 pos-

135 2089 376 2120 sessorem
397 2074 576 2133 hujus,
613 2074 782 2119 filium
803 2085 1035 2119 nostrum
1057 2076 1164 2139 N..
1205 2109 1216 2120 .
1250 2110 1266 2134 ,
1300 2075 1670 2136 praenobilem,
1707 2093 1872 2122 unum
1894 2094 1953 2123 ex
1981 2079 2263 2124 lectionum

137 2179 367 2209 mearum
392 2163 451 2208 de
477 2163 655 2225 lingua
683 2164 892 2209 Arabica
919 2165 1228 2224 auditorum,
1266 2180 1371 2209 non
1393 2166 1559 2210 solum
1586 2166 1707 2211 duos
1732 2182 1887 2212 annos
1918 2179 1968 2213 et
1991 2169 2264 2214 dimidium

136 2246 441 2297 lectiOnibus
464 2253 590 2297 meis
619 2253 816 2314 assidue
839 2264 888 2298 et
909 2254 1182 2316 diligenter
1197 2256 1516 2315 interfuisse,
1555 2256 1640 2301 sed
1659 2256 1793 2301 inter
1814 2257 1936 2302 alios
1969 2258 2121 2302 etiam
2144 2259 2263 2303 emi-

138 2342 311 2386 nuisse
338 2352 452 2386 tum
481 2343 538 2386 in
567 2342 1008 2402 interpretatione,
1046 2354 1160 2388 tum
1181 2344 1238 2390 in
1271 2345 1559 2406 colloquiis,
1597 2361 1690 2391 nec
1726 2346 1951 2405 quotidie
1968 2363 2265 2411 »progressus

137 2431 300 2476 facere
328 2445 434 2476 non
461 2430 701 2476 desinere.
769 2433 878 2478 Hoc
903 2433 964 2478 ad
985 2433 1179 2479 dictum
1211 2433 1614 2479 confirmandum
1634 2435 1880 2497 scriptum
1899 2447 1985 2483 est.
2054 2437 2267 2484 Veritati

139 2519 400 2581 convenit,
438 2531 490 2568 et
507 2521 680 2577 datum
704 2531 780 2567 est
798 2523 836 2568 I.
852 2523 1111 2568 Februarii
1133 2523 1213 2568 die
1227 2559 1241 2583 ,
1290 2525 1413 2569 anni
1433 2525 1748 2571 MDCCCVI.
2029 2569 2038 2580 x

1206 2613 1417 2673 Scripsit
1454 2614 1685 2659 Sacerdos
1736 2616 2032 2676 Raphael,

802 2700 1111 2763 Monachus,
1152 2704 1358 2766 linguae
1386 2703 1619 2749 Arabicae
1638 2705 1845 2765 Doctor,
1882 2706 2112 2752 Lutetiae
2132 2707 2266 2753 urbe.
