2635 3413
992 207 1135 226 Μ
1205 195 1265 246 51
1339 203 1482 222 Μ

166 326 268 383 77.)
302 326 371 367 Ad
396 324 748 379 intelligentiam
771 322 902 374 hujus
923 322 1185 376 aenigmatis
1213 319 1560 361 notandumest
1581 332 1734 361 vocem
1758 317 1857 363 Λίη
1893 322 2015 376 (ψῃ)
2050 335 2143 364 non
2165 325 2310 368 solum

299 427 393 456 esse
420 415 626 464 oculum,
665 414 742 453 sed
775 416 909 455 etiam
922 411 1146 473 fontem3
1184 409 1298 455 Nun
1336 410 1472 470 (055)
1508 424 1610 451 vero
1640 424 1734 451 non
1762 411 1893 450 modo
1927 413 2103 453 litterae
2127 413 2180 456 N
2210 430 2305 457 esse

292 519 462 547 nomen
477 535 488 556 ,
525 518 679 545 verum
705 506 840 545 etiam
861 503 1041 563 piscem
1060 511 1230 543 notare.
1302 503 1467 543 Amant
1483 502 1649 542 Arabes
1666 503 1998 556 ambiguitates,
2037 512 2083 546 et
2098 506 2305 560 ambigue

293 595 408 636 dicta
431 605 533 637 sunt
554 597 636 636 ista
658 596 811 646 verba,
849 595 1010 648 quippe
1034 607 1144 647 quae
1167 595 1301 634 etiam
1321 593 1433 633 verti
1455 600 1662 646 possent:

361 709 465 749 Duo
488 709 606 748 oculi
643 708 758 763 (ain)
797 708 914 748 oculi
937 708 1120 760 inquam
1143 707 1251 757 duo,
1288 720 1374 747 nec
1397 715 1545 747 tamen
1567 706 1686 746 oculi
1708 705 1907 747 videntes
1947 706 2047 763 (sed
2067 708 2234 763 fontes)

428 799 485 838 Et
511 798 560 837 in
580 798 741 838 horum
759 798 988 838 oculorum
1003 806 1188 849 utroqne
1209 797 1319 837 duae
1337 797 1382 837 N
1418 798 1571 851 (nun).

362 888 492 928 Duae
516 889 579 938 N,
617 889 661 927 N
686 890 752 939 a-jo
776 889 884 928 duae
905 917 916 938 ,
954 902 1037 928 nec
1061 897 1213 927 tamen
1235 901 1258 927 a
1283 889 1451 927 calamo
1468 888 1611 940 pictae
1649 885 1753 938 (sed
1766 884 1963 944 pisces.)

426 979 483 1018 Et
504 979 554 1017 in
584 986 766 1032 utraque
789 979 974 1018 duarum
993 980 1173 1018 istarum
1193 978 1236 1017 N
1273 978 1502 1031 (piscium)
1545 977 1629 1017 duo
1662 977 1794 1017 oculi.
1835 977 1965 1031 (ain.)

157 1089 258 1146 78.)
292 1090 542 1130 Verborum
576 1091 697 1130 lusus
735 1092 784 1130 in
815 1091 899 1130 hoc
929 1092 1180 1144 aenigmate
1214 1090 1325 1130 latet
1360 1090 1528 1129 verbis:
1600 1093 1699 1142 &2210
1724 1081 1770 1137 „K
1805 1087 1957 1132 Kalla
1985 1085 2164 1139 matnz',
2200 1090 2230 1129 i.
2256 1102 2295 1130 e.

288 1191 412 1237 ictus
433 1192 526 1236 mei
544 1192 879 1250 remittebant3
915 1188 1064 1246 &xo-U
1091 1190 1385 1237 kallomatni
1406 1193 1435 1235 i.
1461 1206 1499 1232 e.
1523 1204 1705 1235 meeum
1729 1191 1973 1235 collocuta
1996 1189 2297 1251 estfemina‚⁸

289 1291 334 1324 et
358 1277 507 1336 „ekko-¹5
534 1281 809 1327 kalamatni
842 1284 873 1326 i.
921 1297 959 1323 e.
1006 1297 1080 1326 me
1127 1279 1398 1325 vulneravit
1436 1282 1620 1321 femina.
1692 1282 1768 1321 Est
1798 1284 1921 1322 enim
1955 1275 2001 1331 Δί
2031 1280 2183 1325 Kalla
2219 1282 2295 1321 de-

286 1387 493 1440 fatigatus
527 1388 635 1436 fuit,
711 1369 772 1446 ΓΕ
806 1385 1041 1429 Kallama
1070 1387 1308 1425 collocatus
1334 1393 1422 1434 est,
1462 1393 1506 1424 et
1532 1376 1592 1445 ΓΚ
1625 1385 1798 1424 kalama
1833 1386 2094 1425 vulneravit.

152 1475 251 1532 79.)
287 1477 348 1516 Ut
379 1476 490 1516 haec
523 1476 708 1529 epistola
735 1483 853 1515 recte
886 1475 1187 1528 intelligatur,
1223 1487 1421 1523 causam,
1460 1487 1542 1526 qua
1565 1476 1724 1527 scripta
1747 1483 1813 1514 est
1845 1488 2068 1525 enarrem,
2106 1488 2290 1515 necesse

284 1574 364 1606 est.
436 1566 600 1617 Accepi
632 1579 795 1618 nempe
824 1566 999 1606 Tunete
1038 1564 1258 1617 quondam
1284 1565 1434 1617 plures
1461 1564 1689 1616 epistolas,
1729 1576 1837 1615 quae
1864 1566 1962 1616 alii,
2000 1566 2053 1604 ad
2076 1573 2292 1606 mereato-

280 1669 380 1699 rem
410 1656 645 1708 quemdam
675 1657 1006 1696 Liburnensem
1036 1656 1159 1694 datae
1193 1655 1414 1704 inclusae,
1454 1667 1607 1693 omnes
1643 1663 1768 1694 erant
1799 1657 1996 1696 arabicae
2026 1658 2286 1709 inscriptae,

281 1759 372 1786 una
390 1754 566 1785 tantum
587 1755 787 1799 excepta,
827 1760 935 1799 quae
957 1747 1010 1785 ad
1026 1761 1098 1787 me
1123 1745 1344 1785 mittenda
1367 1746 1657 1798 inscriptione
1686 1746 1882 1797 praedita
1914 1755 2005 1786 erat
2034 1755 2078 1785 et
2104 1747 2291 1786 Arabica

284 1844 328 1876 et
342 1835 508 1875 Italica.
567 1837 653 1875 Hic
674 1850 826 1876 omnes
849 1851 930 1890 per
951 1850 1143 1876 errorem
1163 1836 1214 1875 ad
1235 1849 1306 1875 me
1327 1836 1463 1885 misit,
1504 1844 1548 1875 et
1567 1850 1646 1888 ego
1669 1850 1822 1875 omnes
1844 1837 1896 1875 ad
1918 1850 1989 1875 me
2013 1837 2189 1888 scriptas
2207 1850 2289 1890 pu-

279 1934 400 1974 tans,
436 1938 573 1964 unam
605 1939 658 1964 ex
685 1927 775 1966 illis
803 1928 1080 1980 aperiebam,
1119 1928 1280 1978 absque
1311 1935 1360 1965 ut
1388 1927 1479 1976 ejus
1509 1926 1848 1980 inscriptionem
1873 1927 2284 1966 animadverterem.

277 2016 423 2056 Instus
442 2029 542 2054 vero
568 2015 644 2054 alii
668 2028 765 2055 eam
787 2017 1046 2070 inscriptam
1061 2019 1290 2071 reperiens
1323 2025 1368 2056 et
1389 2017 1697 2056 continentem
1728 2031 1796 2056 res
1823 2017 1935 2056 mihi
1963 2017 2156 2070 ignotas,
2194 2030 2287 2056 non

279 2106 457 2160 perrexi
489 2106 662 2159 legere,
700 2120 852 2146 verum
882 2116 926 2147 et
953 2107 1068 2147 hanc
1096 2116 1140 2147 et
1163 2108 1355 2159 reliquas
1389 2108 1450 2156 ei,
1499 2108 1570 2146 cui
1601 2107 1836 2159 inscriptae
1867 2116 2010 2157 erant,
2061 2108 2163 2147 misi
2186 2121 2286 2147 cum

280 2196 469 2250 epistola
494 2197 689 2246 arabica,
730 2209 814 2248 qua
844 2199 1164 2248 asseverabam,
1202 2212 1298 2248 me,
1337 2198 1602 2249 simulatque
1634 2211 1827 2238 errorem
1853 2198 2180 2251 cognovissem,
2218 2198 2284 2237 le·

277 2300 383 2341 gere
423 2299 516 2324 non
548 2288 808 2338 perrexisse.
885 2289 981 2341 Quo
1022 2291 1136 2328 facto
1169 2288 1401 2342 epistolam
1428 2302 1472 2326 n.
1508 2288 1561 2326 X.
1604 2289 1776 2340 accepi,
1816 2288 1937 2337 cujus
1973 2296 2284 2342 argumentum

276 2378 478 2416 animum
501 2374 874 2418 humanissimum
901 2379 1353 2431 liberalissimumque
1375 2379 1657 2418 demonstrat.

146 2463 261 2525 79*)
279 2467 409 2528 2923st
444 2467 600 2506 vitiose
636 2469 846 2521 scriptum
869 2483 946 2522 pro
984 2469 1136 2530 &slas—'9'
1157 2499 1168 2520 ‚
1210 2469 1582 2521 quemadmodum
1610 2461 1757 2527 {5221-22)
1786 2481 1863 2520 pr0
1890 2479 1906 2503 ⁸
1963 2472 1979 2479 ⁰
2020 2462 2063 2528 J
2094 2482 2103 2515 5
2136 2455 2281 2525 [ἐρ-ΨΦ

139 2535 146 2543 ⁵
277 2572 355 2612 pro
385 2544 536 2612 [5535ss
565 2564 609 2596 et
636 2551 774 2610 {72⁶2
798 2573 877 2614 pro
905 2554 1069 2614 W
1095 2569 1269 2600 tantum
1299 2561 1348 2600 in
1377 2561 1502 2614 epist.
1531 2559 1583 2599 X.
1599 2559 1672 2598 XI.
1696 2567 1740 2597 et
1758 2559 1850 2598 XV.
1888 2559 2100 2599 mendose
2132 2571 2280 2599 exara-

276 2657 374 2689 tum
399 2656 478 2687 est.

143 2738 246 2795 30.)
280 2738 410 2799 ⁸³³4?
438 2738 609 2788 Jss-JQ
638 2730 669 2773 Le
695 2738 943 2796 perlegere
972 2753 1067 2783 non
1097 2737 1415 2784 continuasse.
1489 2731 1546 2777 Sc
1575 2749 1618 2780 et
1645 2751 1732 2801 69.)
1767 2741 2015 2794 praeposita
2040 2741 2278 2795 negatione

275 2830 398 2869 idem
433 2829 556 2868 enim
603 2838 688 2880 est,
727 2830 863 2881 quod:
942 2843 1038 2873 non
1058 2829 1252 2886 iterum,
1287 2843 1383 2874 non
1411 2830 1635 2890 amplius.
1708 2833 1778 2872 Sic
1802 2833 1850 2871 in
1867 2832 2022 2884 Savary
2049 2832 2277 2873 Gramma·
2343 2851 2346 2854 ·

278 2920 368 2960 tica
409 2921 582 2961 arabica
652 2934 696 2974 p.
723 2923 834 2973 358.
871 2921 954 2962 lin.
991 2924 1067 2969 15.
1098 2923 1289 2977 legitur:
1327 2917 1474 2983 f-Xm
1501 2924 1663 2977 Uis-..ge
1688 2909 1846 2960 «ὂψ-’ΞΒ
1873 2922 1958 2983 6ἓ)
1988 2915 2020 2958 L·
2045 2914 2130 2974 ὃς)
2169 2936 2278 2976 quae
