2655 3439
795 760 862 808 A.
955 693 1767 810 EPISToLAE(

330 1370 540 1416 Eramus
579 1369 841 1426 conjuncti
877 1378 928 1414 et
965 1368 1142 1415 domus
1179 1384 1284 1414 una
1317 1385 1408 1416 nos
1447 1369 1736 1417 continebat
1771 1380 1829 1417 ut
1864 1373 2162 1430 conjunctae

456 1469 578 1505 sunt
623 1460 821 1505 litterae
864 1460 1031 1523 &2²3

331 1604 381 1640 at
416 1593 567 1642 hodie
605 1593 846 1640 discessus
884 1608 974 1641 nos
1012 1594 1308 1643 assimilavit
1342 1595 1526 1644 litteris
1561 1592 1674 1666 55»
1722 1596 2002 1655 disjunctis.
2059 1601 2127 1656 (ι)

1243 1869 1281 1914 Ι.

462 1975 607 2032 Viro
660 1975 718 2052 (1
739 1980 798 2045 *)
839 1975 1219 2052 dignissimo,
1301 1978 1489 2033 amico
1553 1981 1879 2049 carissimo,
1957 1981 2211 2039 Domino
2262 1984 2332 2040 N.

616 2093 791 2147 quem
828 2075 983 2130 Deus
1027 2088 1348 2131 conservet.
1428 2080 1510 2150 (2)

171 2239 252 2308 P
256 2275 333 2311 ost
356 2265 640 2310 maximum
670 2264 975 2310 desiderium
999 2265 1182 2310 faciem
1202 2275 1343 2310 tuam
1371 2263 1680 2311 carissimam
1725 2268 1774 2312 in
1811 2267 2140 2314 incolumitate
2165 2269 2332 2315 viden-

196 2356 247 2400 di
285 2359 355 2414 (3)
393 2355 657 2401 certiorem
678 2366 729 2401 te
747 2356 982 2415 facimus,
1019 2356 1179 2400 amice
1207 2365 1396 2414 noster,
1434 2345 1779 2402 lsonorandam
1804 2359 2243 2419 tuam'epistolam
2272 2360 2331 2404 ad

196 2461 286 2491 nos
310 2446 595 2506 pervenisse
619 2455 669 2490 et
698 2445 880 2507 gratias
908 2462 935 2491 a
956 2445 1099 2491 nobis
1127 2456 1257 2491 actas
1287 2460 1392 2497 esse
1410 2446 1516 2490 Deo
1546 2447 1605 2490 ob
1631 2446 1978 2509 integritatem
2005 2449 2179 2493 salutis*
2203 2459 2332 2496 tuae.

195 2538 295 2581 Nec
327 2546 377 2581 te
406 2537 637 2599 ignorare
666 2537 801 2594 vo10‚
840 2536 912 2580 mi
926 2536 1077 2581 frater
1109 2546 1158 2581 et
1182 2536 1367 2594 amice,
1408 2536 1539 2595 quod
1561 2552 1587 2580 a
1616 2536 1995 2595 quatuordecim
2016 2538 2133 2583 inde
2160 2539 2330 2584 diebus

169 2626 464 2689 ,negotium
494 2625 627 2670 mihi
658 2625 840 2670 evenit.
911 2625 1116 2672 Scilicet
1154 2626 1491 2672 necessarium
1528 2636 1601 2670 est
1641 2637 1698 2670 ut
1729 2627 2011 2686 proficiscar
2038 2629 2240 2674 Lutetia
2278 2631 2332 2675 in

168 2717 419 2774 .Italiam,
456 2717 759 2777 Tergestum
791 2731 975 2776 nempe
1010 2717 1184 2760 urbem
1217 2716 1382 2772 etjam
1400 2715 1754 2776 Syngraphum
1791 2719 1862 2778 (4)
1900 2719 2148 2776 postulavi
2170 2731 2334 2765 vectu-

170 2845 179 2861 ,,
194 2823 402 2868 ramque
429 2806 648 2863 veredae,
665 2805 1087 2865 quam‘diligence
1109 2807 1382 2866 appellant,
1412 2805 1551 2849 solvi.
1594 2805 1972 2851 Proficiscemur
1992 2807 2112 2852 hinc
2133 2809 2334 2871 Lugdu-

196 2912 338 2954 num,
375 2897 629 2959 Lugduno
648 2896 1013 2953 Mediolanum,
1049 2895 1340 2940 Mediolano
1364 2895 1661 2956 Tergestum
1698 2898 1796 2956 (5)3
1862 2896 2016 2957 idque
2046 2898 2142 2943 iter
2165 2909 2332 2946 totum

193 2986 250 3031 in
274 2986 572 3032 continente
589 3001 706 3031 cum
730 2985 848 3031 viris
874 2985 1064 3046 patriae
1083 3000 1222 3030 meae
1244 2984 1574 3029 nobilioribus
1598 2985 1705 3043 siet,
1744 2986 1831 3044 qui
1858 2987 1928 3042 (6)
1968 2989 2066 3033 huc
2087 3002 2332 3036 venerunt

1235 3088 1254 3120 1
