2635 3413
1025 279 1170 297 Ἂν
1240 271 1270 321 ⁷
1339 277 1483 296 Μ

180 396 432 443 miserunt
450 391 663 456 triginta
682 409 829 439 naves
853 394 1064 450 majores
1089 403 1139 438 et
1160 393 1380 442 minores
1412 391 1642 453 peditatu
1665 402 1714 437 et
1737 392 1969 452 equitatu
1988 405 2326 455 apparatuque

179 485 345 532 omnis
369 483 566 547 generis
594 482 778 528 bellico
811 484 1079 543 confertas,
1118 499 1244 544 quae
1276 482 1377 528 diei
1396 483 1641 533 Mercurii
1673 494 1830 528 noctu
1866 500 1984 528 cum
2001 485 2159 530 tribus
2194 485 2327 531 navi-

178 577 269 621 bus
292 573 459 637 longis
498 577 604 636 (34)
654 573 946 632 duabusque
977 573 1226 618 celocibus
1265 574 1370 633 (35)
1406 571 1658 634 profectae
1686 583 1830 633 sunt,
1867 574 2074 619 nemine
2100 590 2198 635 quo
2222 586 2327 620 ten-

181 667 356 712 derent
401 680 506 709 non
551 664 751 726 ignaro,
822 679 1022 708 summo
1066 664 1235 708 classis
1278 663 1529 723 praefecto
1568 663 1675 722 (36)
1719 663 1805 709 hic
1840 675 2148 710 remanente.
2219 667 2327 710 Jam

180 760 286 818 (37)
350 770 460 799 vero
506 754 791 800 audivimus
857 754 1035 798 multis
1103 754 1162 798 de
1215 754 1444 812 jacturis,
1506 770 1625 813 quas
1683 755 1816 814 passi
1871 766 1993 800 sunt
2051 755 2186 801 Galli
2255 756 2329 818 ip·

183 841 287 891 sius
310 844 614 905 Napoleonis
637 843 876 904 auspicio.
911 844 1095 888 Itidem
1119 845 1175 889 in
1197 844 1343 890 Italia
1366 845 1613 890 exercitus
1641 845 1746 902 ejus
1764 861 1873 906 pars
1893 855 2078 908 magna
2103 845 2326 907 periisse,

179 936 279 981 alia
316 935 470 980 etiam
518 935 774 996 aufugisse
810 934 1024 992 dicitur,
1091 935 1344 994 hodieque
1388 946 1595 980 narrant
1648 936 1929 981 exercitum
1957 936 2328 982 Germanorum

180 1040 447 1086 occupasse
473 1026 828 1070 Mediolanum
858 1035 908 1069 et
930 1024 985 1069 in
1013 1025 1116 1069 dies
1144 1025 1424 1086 procedere.
1495 1026 1641 1071 Nihil
1665 1027 1871 1085 mirum,
1913 1026 2045 1086 quod
2075 1037 2189 1089 post
2217 1029 2328 1073 hos·

180 1118 314 1163 tium
344 1115 621 1160 discessum
650 1130 898 1177 magnum
922 1114 1008 1160 hic
1040 1117 1348 1163 celebratum
1382 1125 1457 1160 est
1483 1116 1694 1176 festum,
1733 1133 1822 1178 per
1854 1117 1991 1162 diem
2021 1128 2073 1162 et
2099 1127 2326 1176 noctem,

180 1206 476 1252 hominibus
508 1220 626 1265 prae
651 1207 816 1249 multo
845 1215 893 1249 et
917 1204 1078 1249 nimio
1114 1207 1297 1268 gaudio
1329 1207 1727 1253 lacrimantibus.
1799 1209 1839 1252 O
1861 1207 2036 1266 amice,
2073 1209 2326 1254 Dominus

184 1308 526 1345 creaturarum
553 1295 772 1356 respexit
800 1310 907 1353 eos,
945 1311 1060 1340 suos
1094 1298 1341 1356 cultores,
1381 1313 1769 1358 aerumnasque,
1806 1298 2088 1344 liberandos
2107 1299 2329 1363 benigne

183 1401 389 1445 curans,
427 1385 652 1430 sustulit.
721 1386 798 1429 Ita
827 1386 964 1430 Deus
998 1386 1137 1430 O.M.
1165 1397 1390 1432 vestrum
1420 1403 1620 1447 quoque
1649 1403 1822 1450 regem
1852 1405 1970 1434 cum
1994 1389 2258 1435 Germanis
2279 1400 2328 1435 et

181 1471 436 1525 Ruthenis
463 1475 674 1519 victores
705 1485 936 1534 praestet.
1007 1477 1206 1521 Vellem
1235 1478 1369 1522 mihi
1398 1478 1683 1538 nunciares,
1722 1494 1820 1537 quo
1853 1495 1993 1524 nunc
2022 1479 2197 1525 tendat
2216 1481 2329 1527 Gal·

180 1569 350 1614 lorum
376 1565 623 1610 exercitus
652 1575 702 1609 et
723 1580 788 1609 an
814 1581 991 1610 verum
1015 1566 1105 1626 sit,
1146 1567 1426 1612 exercitum
1443 1568 1795 1614 Ruthenicum
1812 1570 2055 1614 Rhenum
2094 1572 2198 1629 (38)
2236 1581 2329 1616 tra·

181 1657 381 1716 jecisse,
453 1655 543 1715 qui
578 1655 772 1701 Galliae
804 1655 941 1700 sistit
988 1658 1129 1703 fines.
1200 1659 1349 1703 Nunc
1395 1658 1468 1702 mi
1507 1659 1660 1704 frater
1692 1659 1777 1704 hic
1809 1676 1946 1705 mare
1982 1671 2057 1706 est
2085 1661 2327 1721 liberum,

180 1762 270 1810 pro
288 1746 459 1792 lubitu
477 1745 682 1791 venitur
700 1756 750 1791 et
762 1746 928 1790 abitur
948 1749 1078 1809 (39),
1092 1748 1320 1810 undique
1341 1750 1672 1810 appelluntur
1698 1765 1845 1794 naves
1867 1751 2124 1811 liberoque
2146 1753 2329 1815 gaudet

182 1837 428 1898 oppidum
445 1846 596 1896 portu
617 1838 738 1899 (40),
766 1837 862 1881 hoc
883 1848 958 1882 est
993 1838 1327 1883 mercimonia
1341 1839 1536 1884 intrant
1558 1849 1608 1884 et
1630 1850 1816 1884 exeunt
1836 1839 1946 1884 sine
1965 1842 2191 1901 portoriov
2211 1846 2330 1906 (41).

181 1927 398 1973 Litteras
416 1936 527 1970 tuas
559 1941 624 1969 ne
652 1927 905 1986 praecidas
942 1928 1090 1973 mihi.
1161 1930 1284 1975 Vale
1320 1930 1376 1975 in
1397 1930 1783 1991 sempiternum.
1874 1930 1973 1976 Die
1993 1932 2115 1977 XIII
2138 1934 2327 1979 mensis

179 2016 473 2063 Novembris
520 2015 642 2061 anni
678 2017 1036 2063 MDCCCXIII
1081 2020 1310 2081 Tergesti
1356 2021 1493 2065 urbe.

381 2105 575 2151 Eodem
614 2121 713 2165 quo
751 2106 928 2151 datum
959 2109 1316 2172 subsignamus
1360 2121 1622 2173 momento
1661 2113 1767 2174 (42)
1821 2111 2131 2174 percipimus
2160 2114 2327 2161 Gallos

180 2197 411 2258 Lipsiam
432 2197 610 2241 urbem
633 2195 867 2256 intrasse,
903 2199 1254 2260 praeliumque
1275 2202 1416 2247 aliud
1433 2201 1489 2246 in
1509 2201 1654 2246 Italia
1680 2201 2010 2247 commissum
2029 2219 2147 2264 esse,
2187 2222 2212 2250 e
2231 2222 2328 2266 quo

185 2287 323 2334 Galli
344 2286 556 2331 victores
590 2286 855 2332 evaserint.
925 2289 1179 2335 Dominus
1217 2301 1388 2348 noster
1424 2291 1610 2337 efficiat
1637 2291 1908 2353 optimum.
1979 2295 2129 2340 Dom.
2163 2296 2328 2359 Alhag

182 2378 335 2424 Omar
369 2411 381 2422 .
418 2411 428 2421 .
468 2410 480 2421 .
529 2385 580 2420 et
601 2375 739 2421 filius
759 2377 868 2433 ejus
888 2378 1037 2426 Dom.
1057 2380 1337 2443 Mustapha
1355 2392 1404 2429 et
1423 2383 1570 2429 Dom.
1591 2382 1819 2430 Achmed
1837 2374 2145 2447 Algeriensis
2170 2387 2327 2448 pluri-

184 2483 269 2514 ma
287 2477 339 2514 te
361 2467 524 2513 salute
542 2464 862 2528 impertiunt.
