2635 3413
1136 248 1277 267 κων
1352 242 1371 276 1
1382 227 1410 275 6
1480 249 1622 268 “v

319 375 400 404 vos
433 351 533 405 non
563 360 865 406 occurentia.
937 361 1118 422 Ignoro
1158 361 1289 421 quod
1319 374 1475 424 genus
1497 361 1680 408 deficit.
1751 362 1806 409 Si
1840 362 1972 410 mihi
2001 365 2258 414 retulisses
2293 366 2458 415 nomi:

317 466 380 495 na
407 452 695 509 allatorum,
735 451 1070 495 desideratum
1101 450 1490 510 inquisivissem,
1528 461 1678 511 atque
1702 453 1969 500 misissem.
2043 456 2188 502 Forte
2213 467 2287 502 est
2303 456 2454 502 Daru’

314 544 419 602 (71)
457 540 642 599 species
666 541 791 584 Dara
829 543 948 602 (72),
985 541 1129 595 cujus
1151 541 1380 599 exempla
1409 540 1463 584 in
1484 541 1681 601 Europa
1703 557 1805 586 non
1826 546 2162 603 reperiuntur.
2232 547 2457 592 Fortasse

315 630 532 691 siugulis
583 630 847 692 generibus
889 630 1267 687 aliquantulum
1314 630 1661 690 detraxerunt,
1697 646 1868 676 rarum
1903 633 2031 678 illud
2072 645 2240 680 autem
2289 636 2458 680 totum

316 720 645 764 abstulerunt.
716 718 963 777 liquidem
1002 719 1325 764 vehementer
1357 720 1507 780 cupio
1543 735 1569 764 a
1603 730 1654 766 te
1677 722 1947 781 epistolam
1976 723 2201 784 accipere
2231 722 2454 784 aliquam

317 821 368 853 ut
418 810 477 853 de.
523 809 665 852 rebus
707 809 807 852 tuis
846 807 1025 852 certior
1055 809 1185 854 fiam.
1257 809 1534 854 Historiam
1565 810 1979 871 HayatunnaftiS,
2019 812 2078 856 de
2119 810 2222 872 qua'
2253 813 2429 859 dixisti

315 899 404 943 tibi
451 899 747 957 descriptam
786 913 904 943 cum
935 898 1048 942 aliis
1087 899 1233 958 -apud
1271 915 1350 944 me
1395 900 1549 945 nutui
1590 911 1678 946 tuo
1728 915 1943 960 reservo,
2014 899 2196 962 quibus
2244 903 2455 963 insuper

313 988 430 1031 duas
471 988 589 1031 alias
623 988 870 1042 adjiciam.
943 976 1112 1032 Etiam
1146 989 1374 1048 possideo
1415 991 1692 1035 chronicon
1737 1005 1939 1053 regum,
1997 992 2169 1037 decem
2208 990 2460 1055 regalibus

313 1078 472 1121 aureis
507 1077 588 1122 hic
612 1093 636 1121 a
661 1093 740 1121 me
767 1088 987 1135 emtum,
1022 1079 1204 1140 exiguo
1228 1094 1346 1123 sane
1367 1080 1543 1140 pretiO.
1615 1081 1792 1138 Ethoc
1814 1095 1932 1126 cum
1953 1082 2135 1143 lepidis
2158 1081 2459 1142 quibusdam

316 1166 724 1222 hi<101·iunculis,
783 1182 901 1226 quas
949 1168 1244 1227 describam,
1303 1169 1397 1214 tibi
1435 1169 1638 1214 mittere
1668 1170 1869 1215 animus
1902 1181 2003 1230 est3
2061 1172 2148 1217 sed
2185 1171 2260 1217 mi
2286 1172 2457 1229 frater,

313 1257 515 1317 plagula
557 1257 712 1318 regali
740 1272 887 1301 aureo
928 1269 1136 1303 constat.
1209 1258 1351 1319 Quod
1380 1259 1555 1303 sivero
1581 1260 1852 1319 pecuniam
1885 1261 1985 1305 huc
2024 1261 2260 1307 mandare
2292 1262 2459 1305 volue-

312 1347 400 1398 ris,
441 1347 620 1390 manda
659 1348 846 1408 regales
887 1362 1082 1406 aureos,
1131 1364 1249 1392 nam
1286 1349 1590 1393 Francorum
1620 1350 1752 1409 apud
1792 1365 1880 1395 nos
1911 1351 2054 1396 valde
2087 1351 2353 1414 ambiguus
2386 1361 2460 1395 est

311 1438 468 1492 valor,
508 1447 555 1480 et
583 1435 789 1495 quidem¹
817 1447 1045 1496 centum,
1085 1438 1143 1481 ob
1169 1452 1436 1500 maguum,
1475 1453 1571 1498 quo
1593 1439 1902 1501 separamur,
1940 1439 2178 1502 spatium‘,
2214 1455 2307 1487 nec
2324 1439 2460 1501 quic-

315 1542 466 1585 quam
504 1536 673 1569 metue
680 1561 932 1571 ......

453 1615 794 1674 Suprascripta
840 1616 1051 1675 epistola
1083 1627 1157 1660 est
1190 1619 1481 1679 exemplum
1511 1618 1662 1678 alius,
1701 1606 1853 1678 quam
1882 1607 1970 1680 per
2002 1606 2292 1665 Liburnum
2324 1617 2384 1665 ad
2409 1629 2459 1665 te

317 1705 455 1757 misi,
509 1716 713 1749 curante
751 1706 899 1748 fratre
932 1706 1309 1752 Muhammedis
1349 1745 1358 1753 .
1398 1744 1407 1753 .
1445 1743 1454 1753 .
1495 1710 1585 1768 qui
1621 1709 1675 1752 in
1713 1709 1880 1754 insula
1909 1710 2091 1755 Melite
2128 1710 2351 1768 habitat3
2407 1718 2458 1753 et

315 1797 414 1851 jam
443 1795 587 1838 credo
619 1810 726 1838 eam
759 1795 1065 1854 pervenisse,
1106 1798 1225 1855 quia
1257 1798 1354 1842 duo
1386 1798 1488 1842 sere
1512 1799 1835 1858 praeterlapsi
1866 1809 1986 1844 sunt
2023 1815 2234 1845 menses.
2308 1799 2456 1843 Nunc

318 1886 402 1928 has
430 1886 618 1929 litteras
654 1900 740 1944 per
764 1885 1047 1929 Massiliam
1078 1886 1302 1931 ferendas
1336 1887 1532 1944 adjicio,
1570 1889 1730 1932 Hodie
1761 1899 1931 1933 tamen
1966 1890 2119 1949 scias,
2157 1903 2339 1934 novam
2358 1887 2461 1949 epi-

319 1976 500 2018 stolam
533 1975 695 2018 <latam
729 1974 808 2018 die
833 1975 1077 2033 XIIMaji,
1113 1992 1201 2036 per
1226 1977 1526 2038 Tergestum
1552 1979 1813 2022 accessisse
1835 1995 1861 2024 e
1885 1995 1981 2039 qua
2004 1979 2229 2041 cognovi,
2265 1977 2460 2024 semina

316 2065 487 2108 omnia
507 2065 562 2107 ad
588 2076 635 2108 te
657 2080 761 2109 esse
783 2066 954 2120 allata,
995 2076 1198 2126 excepta
1225 2068 1396 2111 Bamia
1425 2070 1554 2130 (73),
1593 2069 1736 2124 cujus
1762 2069 1872 2129 tibi,
1912 2054 2108 2128 quando
2131 2070 2229 2115 alia
2257 2058 2460 2114 mittam

316 2155 603 2213 portionem
639 2155 862 2214 aliquam
897 2155 1144 2211 adjiciam.

451 2245 628 2288 Innuis
662 2259 872 2303 quoque,
904 2238 1141 2301 juvenem
1159 2260 1215 2290 ex
1240 2246 1414 2291 amicis
1442 2257 1489 2291 et
1509 2246 1770 2307 discipulis
1792 2247 1893 2292 tuis
1920 2248 2142 2307 aliquem
2169 2249 2269 2294 huc
2287 2246 2458 2294 'venire

317 2335 463 2389 velle,
504 2334 684 2378 litteris
708 2334 941 2378 docendis
967 2335 1098 2394 quod
1129 2335 1260 2380 vitae
1283 2337 1661 2381 necessitatibus
1687 2337 1904 2382 sufficiat
1923 2324 2306 2397 acquisiturum.
2364 2338 2457 2383 Sed

316 2424 388 2467 mi
413 2424 582 2482 frater,
622 2424 716 2468 hoc
739 2424 780 2468 si
803 2425 1017 2469 voluerit
1042 2425 1393 2485 frustrabitur3
1463 2441 1567 2470 non
1589 2427 1811 2486 acquiret
1835 2443 1990 2487 aquae
2014 2444 2165 2488 quam
2180 2428 2332 2487 bibet,
2353 2441 2460 2488 pre-

315 2513 474 2570 tium3
513 2530 630 2559 nam
650 2514 948 2575 disciplinae
968 2515 1085 2560 illae
1110 2515 1266 2560 nihili
1291 2516 1422 2576 apud
1447 2531 1536 2560 nos
1571 2517 1950 2577 existimantur,
1988 2528 2036 2563 et
2070 2533 2243 2564 omnes
2276 2507 2458 2563 resno-

318 2614 443 2646 strae
485 2604 694 2648 omnino
732 2604 878 2649 aliter
917 2619 969 2649 se
1004 2605 1204 2650 habent.
1277 2606 1368 2650 His
1412 2606 1602 2650 accedit
1629 2617 1830 2667 tempus
1864 2618 2163 2670 angustum,
2200 2617 2250 2652 et
2278 2593 2460 2669 magna

319 2705 547 2736 annonae
572 2695 744 2738 caritas
766 2694 818 2738 in
848 2695 1096 2741 mercium
1118 2694 1329 2741 vilitate.
1399 2696 1479 2739 Tu
1502 2711 1615 2740 vero
1639 2697 1711 2741 mi
1733 2697 1904 2755 frater,
1945 2712 2009 2742 ne
2032 2697 2214 2745 litteris
2239 2696 2340 2741 tuis
2370 2711 2459 2740 nos

321 2780 511 2824 diutius
539 2785 874 2830 carere-sinas,
948 2785 1075 2830 Tota
1106 2785 1281 2830 domus
1311 2800 1422 2830 mea
1442 2795 1492 2830 te
1511 2787 1695 2830 salvere
1717 2787 1858 2842 jubet
1884 2786 2168 2848 pariterque
2190 2800 2282 2848 ego
2301 2786 2461 2831 salute

324 2870 628 2928 sempiterna
663 2873 912 2933 impertio.
986 2875 1189 2921 Amicus
1217 2885 1335 2921 tuus
1375 2875 1430 2919 N.
1506 2875 1762 2936 Scriptum
1792 2877 1989 2921 Tunete
2019 2885 2233 2921 exeunte
2255 2862 2459 2920 Decem-

323 2957 407 3002 bre
439 2959 562 3003 anni
597 2962 981 3008 MDCCCXVH.

2610 3081 2622 3123 *dn

2595 3239 2635 3413 ψ’*
2613 3211 2618 3217 ·
2616 3175 2621 3190 ’-
2609 3123 2622 3157 ἢν

2623 3179 2635 3290 'nn—‘A
2625 3147 2629 3153 ’
2627 3087 2635 3125 -.ἣν
