2635 3413
792 421 865 467 D.
955 393 1442 463 LITERAE
1532 391 1968 462 PRECES.

1360 551 1399 595 1.

325 626 516 696 Servus
538 659 676 700 tuus,
715 641 954 688 oriundus
978 651 1127 702 gente
1151 631 1311 684 nobili
1333 640 1392 684 N.
1431 673 1440 684 .
1480 674 1489 683 .
1526 653 1585 683 ex
1609 639 1730 683 urbe
1757 639 1815 683 N.
1854 673 1864 683 .
1907 640 2107 698 peculio
2128 641 2442 701 amplissimo

320 739 511 795 'injuria
543 737 748 789 amisso,
788 747 906 776 cum
934 731 1186 774 fortunata
1221 731 1358 783 (121)
1403 728 1625 772 Caesaris
1662 727 1879 771 Maximi
1910 743 2119 787 persona
2157 731 2442 791 Aegyptum

325 829 634 878 nobilitaret,
672 821 856 865 scribae
875 819 1078 863 Muradi
1101 819 1199 876 Bey
1220 831 1430 860 munere
1449 817 1655 860 functus
1679 825 1729 859 et
1753 816 1891 860 hunc
1917 816 1972 860 in
1994 819 2278 877 Aegyptum
2305 832 2447 878 supe-

325 920 504 963 riorem
529 912 833 972 fugientem,
878 907 1145 950 comitatus
1166 921 1292 949 sum.
1364 906 1464 948 Nec
1493 904 1581 948 diu
1603 914 1774 948 tamen
1808 920 1925 948 cum
1958 920 2014 949 eo
2034 905 2136 963 fui,
2173 906 2280 964 sed,
2314 916 2446 966 post·
2481 902 2483 905 ¹

325 1021 473 1066 quam
493 997 801 1059 Francogalli
821 995 1048 1056 regiones
1075 1004 1267 1038 nostras
1287 994 1498 1054 ingressi
1519 1001 1680 1052 erant,
1718 1007 1836 1036 eum
1871 993 2165 1055 aufugiens,
2207 994 2448 1056 interpre-

326 1107 376 1141 te
404 1094 460 1138 N.
489 1092 546 1135 N.
580 1085 918 1132 intercedente
954 1084 1014 1128 ad
1042 1085 1349 1128 fortunatam
1387 1082 1604 1127 Caesaris
1638 1096 1904 1141 personam
1936 1083 2162 1142 perveni,
2200 1099 2350 1142 quam
2385 1083 2445 1130 de

325 1180 586 1229 occultatis
614 1173 859 1221 thesauris
891 1182 942 1216 et
968 1172 1286 1232 apparatibus
1317 1171 1540 1229 bellicis,
1578 1185 1850 1229 eorumque
1883 1180 2016 1215 statu
2042 1171 2304 1216 certiorem
2332 1173 2454 1218 feci.

326 1275 460 1318 Tum
487 1272 594 1314 loco
621 1264 835 1325 quodam
863 1262 1020 1306 scriba
1049 1277 1130 1305 me
1159 1261 1446 1319 constituit,
1484 1259 1572 1303 ubi
1602 1260 1822 1304 remansi
1848 1274 2007 1318 usque
2036 1260 2096 1304 ad
2133 1261 2384 1320 proelium
2420 1277 2448 1306 a

327 1363 451 1408 duce
481 1357 689 1403 Klebero
725 1351 1066 1402 commissum.
1135 1349 1193 1394 Id
1226 1336 1357 1408 quod
1385 1350 1626 1407 feceram,
1662 1347 2056 1406 considerantes,
2092 1349 2338 1394 Muslemi
2367 1349 2449 1395 do-

327 1467 439 1497 mus
471 1461 604 1493 meas
634 1443 763 1488 facta
794 1438 1076 1498 irruptione
1105 1438 1450 1498 diripuerunt,
1491 1452 1799 1499 gynaeceum
1829 1452 2001 1481 meum
2028 1437 2331 1496 spoliarunt,
2367 1451 2450 1497 pa·

327 1553 501 1587 truum
527 1549 699 1580 meum
727 1529 1018 1575 occiderunt
1045 1537 1095 1571 et
1120 1527 1286 1571 nudus
1319 1541 1541 1587 egressus
1565 1541 1691 1570 sum.
1761 1526 1971 1570 Posthac
1993 1526 2232 1584 Belliard,
2268 1524 2449 1571 exerci-

328 1642 410 1676 tus
436 1629 558 1683 dux,
598 1637 678 1667 me
703 1635 819 1664 usus
848 1627 922 1662 est
949 1616 1128 1674 scriba,
1165 1616 1297 1676 apud
1323 1630 1474 1674 quem
1505 1615 1670 1658 mansi
1698 1629 1854 1673 usque
1881 1614 2003 1658 dum
2018 1614 2333 1676 Francogalli
2358 1613 2449 1660 Ae-

329 1728 540 1783 gyptum
559 1712 927 1768 relinquerent,
965 1705 1266 1764 quibuscum
1288 1714 1338 1748 et
1359 1718 1449 1764 ego
1471 1703 1615 1747 exivi.
1652 1703 1934 1747 Massiliam
1963 1717 2080 1746 cum
2097 1703 2447 1763 pervenissem,
2492 1734 2496 1737 -

331 1808 629 1863 adjuverunt
672 1814 752 1842 me
796 1797 927 1841 sicut
966 1794 1185 1853 reliquos
1222 1792 1518 1854 transfugas.
1589 1791 1682 1836 Sed
1728 1791 2038 1851 perpendens
2081 1806 2163 1835 me
2196 1791 2447 1836 familiam

331 1909 497 1943 meam
522 1887 842 1947 relinquisse,
879 1883 1104 1942 quinque
1121 1896 1353 1942 personas
1382 1891 1432 1925 et
1453 1880 1622 1940 patrui
1652 1880 1755 1924 mei
1783 1880 1935 1925 occisi
1973 1889 2166 1940 septem
2193 1894 2449 1940 personas,

333 1999 458 2046 quae
486 1989 678 2042 praeter
714 1991 794 2020 me
828 1974 1033 2018 nullum
1065 1971 1313 2015 habebant
1345 1972 1579 2028 altorem,
1624 1969 2034 2029 stipendiumque
2061 1969 2198 2014 istud
2234 1971 2448 2028 (meum)

333 2072 465 2120 mihi
492 2069 585 2114 soli
617 2065 750 2111 haud
781 2062 1098 2118 sufficiebat,
1124 2076 1181 2104 eo
1219 2059 1419 2104 adactus
1450 2074 1608 2117 eram,
1647 2069 1707 2102 ut
1742 2058 2056 2118 imperatoris
2092 2058 2449 2119 interpretem,

333 2164 392 2209 N.
416 2156 728 2206 commodam
753 2166 931 2213 rogans
957 2149 1301 2194 conditionem
1322 2148 1506 2197 litteris
1543 2147 1746 2192 adirem.
1817 2148 1978 2207 Quam
1997 2147 2258 2206 pollicitus
2278 2158 2447 2208 postu-

332 2251 478 2307 lavit,
514 2257 573 2291 ut
596 2260 712 2290 cum
732 2241 978 2302 praefecto
1002 2238 1309 2295 Sebastiano,
1347 2237 1534 2282 scribae
1557 2237 1665 2280 vice
1685 2237 1921 2298 fungenS,
1955 2236 2304 2295 proficiscerer.
2337 2237 2449 2281 Pro-

332 2343 492 2387 fectus
526 2337 696 2394 itaque
729 2329 1024 2376 mandatum
1058 2327 1287 2371 officium
1322 2335 1582 2371 exsecutus
1625 2340 1753 2369 sum.
1831 2324 1965 2369 Dein
2002 2334 2119 2369 ante
2157 2334 2256 2369 tres
2293 2338 2450 2369 annos
2490 2304 2494 2309 ¹

335 2442 384 2476 et
410 2427 540 2488 quod
569 2421 786 2469 excurrit
811 2418 1072 2464 Lutetiam
1102 2431 1183 2461 me
1212 2415 1433 2474 contuli,
1469 2415 1558 2459 ubi
1587 2429 1886 2474 quocunque
1907 2428 2078 2458 mense
2107 2429 2134 2458 a
2157 2428 2269 2458 mea
2293 2422 2343 2458 et
2367 2428 2449 2474 pa-

336 2519 437 2564 trui
467 2515 569 2560 mei
594 2511 789 2558 familia
825 2508 1091 2567 epistolam
1129 2505 1344 2565 accipio,
1389 2519 1486 2563 qua
1525 2503 1780 2564 impensae
1808 2518 1953 2547 causa
1987 2513 2254 2565 argentum
2280 2511 2449 2562 postu·

338 2609 468 2662 lant,
505 2602 636 2647 mihi
658 2610 827 2644 autem
850 2611 953 2641 non
978 2605 1074 2654 est,
1111 2595 1243 2656 quod
1277 2593 1510 2639 sufficiat.
1579 2592 1764 2636 Audito
1782 2607 1918 2650 vero,
1955 2591 2332 2651 imperatorem,
2368 2605 2448 2649 ea,
2478 2583 2490 2591 ⁷

339 2709 462 2754 quae
490 2691 586 2751 ipsi
619 2699 713 2745 est,
751 2685 1019 2731 clementia
1046 2693 1097 2729 et
1121 2683 1327 2746 cognita
1352 2692 1439 2727 tua
1467 2681 1831 2739 misericordia,
1868 2690 1919 2725 te
1943 2679 2258 2723 sublevandis
2286 2679 2451 2739 profu·

338 2797 515 2844 gorum
543 2779 685 2824 rebus
720 2775 1034 2836 praefecisse:
1079 2787 1258 2817 manus
1300 2786 1435 2816 meas
1469 2770 1530 2815 ad
1554 2780 1604 2814 te
1633 2771 1808 2829 atollo,
1856 2778 1915 2813 ut
1943 2766 2169 2812 familiae
2201 2782 2342 2813 meae
2367 2782 2450 2828 pa·

339 2871 460 2917 riter
483 2884 538 2914 ac
566 2864 770 2924 reliquis
794 2862 1018 2925 profugis
1043 2861 1324 2907 subsidium
1349 2869 1538 2906 statuas
1566 2869 1659 2905 etc.

1981 2944 2041 2989 N.
2079 2978 2089 2989 .
2125 2978 2136 2989 .
2172 2979 2185 2990 .
