2635 3413
964 258 1108 278 §ns-
1178 250 1245 301 27
1312 256 1455 276 m

134 371 275 432 pejus
305 370 459 449 etiam
489 371 618 436 egit,
655 370 835 433 illique
865 386 917 418 se
946 370 1204 431 adjunxit,
1241 362 1337 417 hoc
1362 370 1498 417 nihil
1526 367 1736 414 omnino
1768 366 1937 425 refert,
1974 364 2080 421 (66)
2125 364 2265 426 igno-

111 470 238 521 scat
265 444 328 505 iis
363 462 526 520 DeuS‚
578 475 879 524 eorumque
895 461 1171 524 ingenium
1202 459 1488 507 illuminet!
1559 457 1896 521 Evangelium
1938 464 2171 499 sanctum
2198 452 2267 497 di·

134 549 230 595 cit:
268 550 310 594 si
340 550 493 609 quis
480 550 759 610 acquireret
794 553 932 614 (104)
968 561 1135 596 totum
1169 550 1423 606 mundum
1451 564 1755 608 omnemque
1790 545 2052 591 scientiam
2086 553 2136 587 et
2157 556 2264 602 per-

137 631 274 683 deret
309 632 458 699 (105)
496 639 721 684 animam
751 655 916 698 suam,
942 629 945 637 ¹
970 640 1094 699 quid
1130 640 1260 685 illud
1291 655 1408 684 eum
1440 638 1666 695 juvaret?
1739 638 1936 682 Salomo
1969 633 2165 693 sapiens
2196 631 2266 675 di-

138 726 228 772 cit:
299 738 436 773 totus
469 729 690 774 mundus
721 728 973 775 evanescit
1000 738 1051 773 et
1076 728 1191 773 vilis
1222 739 1297 773 est
1329 729 1399 790 ei,
1449 730 1536 789 qui
1562 729 1690 774 bene
1715 725 1851 771 facit.
1919 723 2068 785 Agite
2097 720 2266 782 poeni-

100 809 102 811 ’
136 817 353 863 tentiam
392 828 443 862 et
480 818 794 863 revertimini
828 819 888 863 ad
930 819 1098 863 Deum
1130 799 1458 879 quantocyus.
1548 818 1715 863 Perfer
1742 813 2150 861 benedictionem
2183 824 2269 854 no-

137 907 251 951 stris
275 907 329 951 in
358 902 518 969 gratia
543 908 639 952 Dei
671 908 861 966 liberis,
900 917 950 951 et
970 909 1132 952 saluta
1157 909 1325 953 virum
1341 908 1729 971 dignissimum5
1761 901 2269 956 existimatissimum,

137 996 463 1055 honoratum,
510 997 840 1042 reverendum
869 997 1135 1041 dominum
1167 999 1418 1057 Achmed,
1472 999 1784 1058 praefectum
1830 996 1967 1054 (107)
2037 988 2268 1051 Aegypti,

138 1086 382 1146 nobisque
411 1087 578 1132 indica
604 1087 798 1145 vicum,
837 1101 936 1145 quo
959 1087 1176 1145 habitat,
1215 1103 1269 1132 ac
1309 1089 1486 1132 domus
1520 1089 1625 1144 ejus
1656 1098 1929 1130 numerum
1967 1083 2104 1136 (108)
2141 1078 2268 1137 quod

137 1184 187 1220 ut
221 1176 453 1232 sciamus,
491 1176 690 1236 quando
728 1175 996 1235 epistolam
1029 1176 1089 1220 ad
1126 1191 1244 1220 eum
1287 1179 1425 1233 (102)
1463 1177 1753 1221 scribamus,
1822 1173 1994 1217 Saluta
2025 1169 2181 1214 etiam
2215 1167 2269 1211 fi-

137 1264 269 1309 lium
302 1276 554 1324 nostrum,
592 1265 859 1311 dominum
882 1265 1027 1324 Saba,
1064 1265 1148 1310 cui
1179 1265 1372 1310 litteras
1400 1266 1629 1310 dedimus
1655 1266 1837 1323 absque
1859 1271 1918 1306 ut
1942 1259 2084 1304 nobis
2110 1255 2268 1306 reddi-

139 1354 266 1400 derit
295 1369 593 1414 responsum
602 1371 618 1413 3
687 1353 813 1399 item
840 1356 1000 1398 saluta
1029 1354 1297 1399 dominum
1318 1356 1701 1412 Furtarruman,
1737 1353 2006 1410 filiumque
2033 1358 2265 1393 nostrum

136 1444 340 1488 Petrum
371 1458 426 1487 ac
447 1443 719 1488 dominum
737 1443 942 1488 Gubran
963 1443 1252 1502 Muhanna,
1289 1460 1382 1489 nec
1416 1460 1521 1489 non
1552 1442 2030 1488 Dom.Michaelem
2061 1448 2110 1483 et
2140 1437 2269 1482 Jose-

111 1563 113 1565 .
135 1532 299 1592 phum
317 1531 701 1593 Masabekitam,
736 1533 1111 1593 Josephumque
1128 1534 1284 1592 Ataya
1307 1548 1361 1578 ac
1382 1535 1641 1591 Marcum,
1679 1541 1730 1576 et
1757 1545 1946 1589 omnes,
1985 1527 2073 1588 qui
2104 1526 2163 1571 de
2178 1536 2268 1569 ‘no-

137 1621 212 1666 bis
231 1621 664 1684 interrogaverint.
716 1621 868 1666 Adest
885 1631 1027 1681 pater
1052 1622 1252 1681 Chalyli
1280 1633 1330 1667 et
1352 1624 1531 1682 Chalyl
1559 1623 1667 1682 ipse
1690 1631 1839 1680 atque
1861 1616 2091 1664 centurio
2128 1618 2266 1676 (109)

138 1713 284 1772 Elyas
305 1712 521 1771 Mas⁷an,
560 1711 649 1771 qui
685 1726 859 1756 omnes
893 1712 1022 1756 bene
1058 1712 1230 1756 valent
1256 1727 1312 1756 ac
1346 1722 1397 1757 te
1428 1714 1665 1757 salutant.
1732 1710 1859 1755 Filia
1888 1707 2052 1753 Maria
2080 1706 2194 1751 Sara
2216 1714 2268 1749 te

140 1787 348 1858 salutat,
386 1801 445 1845 de
480 1816 578 1861 qua
603 1810 748 1845 antea
782 1799 978 1860 dixisti,
1012 1815 1201 1845 nomen
1229 1802 1336 1858 ejus
1365 1817 1469 1847 esse
1488 1803 1671 1847 Sachra
1707 1801 1945 1857 (florem),
1982 1797 2068 1841 sed
2092 1809 2266 1840 verum

141 1892 246 1946 ejus
276 1892 572 1935 nomen'est
594 1891 722 1935 Sara.
790 1890 954 1934 Maria
975 1891 1204 1951 Angylya
1234 1901 1284 1936 et
1307 1893 1492 1949 conjux
1527 1895 1664 1948 (110)
1688 1870 1808 1947 *ejus
1837 1888 2067 1932 abierunt
2094 1883 2269 1930 Massi-

142 1980 277 2026 liam.
350 1975 571 2038 ScriptOr
589 1979 743 2035 hujus
764 1978 898 2023 Elias
917 1979 1190 2024 Churensis
1228 1983 1274 2035 (1
1288 1984 1364 2037 11)
1401 1992 1452 2026 te
1472 1983 1655 2026 salutat
1664 1996 1679 2039 3
1749 1977 1844 2023 tibi
1868 1977 2164 2023 nuntiamus
2185 1973 2269 2018 sti-

141 2070 387 2131 pendium
423 2071 560 2125 (112)
605 2068 808 2113 adhunc
843 2083 1002 2128 usque
1031 2069 1166 2114 diem
1189 2070 1421 2116 nondum
1443 2072 1670 2116 solutum
1701 2083 1819 2113 esse.
1900 2068 2070 2111 Saluta
2096 2062 2268 2110 Domi-

142 2174 260 2202 nam
281 2159 340 2203 N.
376 2192 386 2203 .
425 2193 435 2203 .
474 2157 720 2224 exercitus
748 2158 988 2217 praefecti
1025 2161 1130 2222 (94)
1166 2159 1392 2220 viduam,
1430 2171 1697 2219 totumque
1725 2157 2003 2203 amicorum
2033 2164 2232 2200 coetum
2253 2186 2267 2210 ‚

141 2247 324 2291 amicos
363 2257 412 2291 et
449 2247 698 2291 inimicos.
767 2249 1086 2307 Responsum
1117 2263 1230 2293 vero
1261 2265 1377 2295 mox
1414 2253 1550 2308 (113)
1607 2248 1749 2293 nobis
1781 2248 1953 2304 mitte,
2001 2259 2162 2302 neque
2195 2254 2264 2287 ta-

142 2352 259 2380 men
294 2335 508 2380 ostende
545 2339 683 2397 (114)
721 2335 912 2381 litteras
942 2347 1134 2381 nostras
1170 2337 1376 2384 domino
1408 2340 1466 2383 N.
1505 2373 1514 2383 .
1554 2373 1563 2383 .
1608 2338 1795 2397 quippe
1831 2336 1918 2395 qui
1955 2349 2045 2379 nos
2075 2331 2270 2393 decepit

144 2440 234 2470 uec
255 2423 439 2486 diligit.
508 2424 679 2469 Vitam
698 2434 840 2471 tuam
859 2426 995 2470 Deus
1015 2427 1294 2489 prolonget.
1364 2429 1572 2473 Precans
1597 2442 1685 2486 pro
1709 2438 1780 2482 te,
1818 2435 1956 2485 pater
1980 2415 2098 2468 tuus

1571 2517 1627 2560 N.
1663 2516 1719 2560 N.
1792 2553 1796 2556 .
1874 2550 1882 2558 .
1955 2511 2197 2557 Sacerdos.

280 2578 547 2625 Meloduni
594 2579 715 2625 urbe
751 2581 968 2644 Augusti
1005 2581 1084 2627 die
1120 2583 1246 2628 XIV.
