2635 3413
1095 262 1237 281 m
1309 256 1368 289 10
1435 261 1577 279 §W

472 382 649 427 Annus
679 375 844 422 omnis
870 374 1064 421 rediens
1084 375 1213 419 bona
1231 382 1281 418 te
1306 372 1529 417 offendat
1546 372 1803 419 fruentem
1825 372 2130 433 valetudine,
2168 383 2218 419 et
2233 386 2399 419 novus

474 468 572 514 iste
600 482 760 512 annus
787 466 830 509 si
859 463 1075 509 voluerit
1102 464 1263 520 DeuS,
1309 461 1453 505 nobis
1483 471 1534 506 et
1551 461 1687 507 vobis
1706 462 1900 508 faustus
1925 461 1996 506 sit
2015 477 2070 508 ac
2084 462 2221 508 felix.
2291 463 2401 508 Hoc

476 557 688 615 efficias,
731 564 1067 601 creaturarum
1093 551 1331 596 Domine!
1401 551 1473 594 Eo
1509 560 1794 610 momento,
1830 566 1929 610 quo
1965 551 2054 596 has
2089 551 2286 597 litteras
2321 549 2402 595 ab·

475 646 624 703 solvi,
670 643 953 698 nuntiatur,
998 654 1137 701 reges
1178 639 1452 684 foederatos
1488 638 1747 683 Lutetiam
1784 638 2020 698 intrasse,
2055 637 2402 701 Napoleonem

477 736 659 779 throno
680 732 966 789 removisse,
1002 728 1337 787 omnibusque
1356 727 1652 773 hominibus
1674 728 1777 773 suis
1797 728 1846 773 ei
1872 727 2271 789 adversantibus,
2307 739 2403 774 sta*

475 823 654 879 tuisse,
691 822 826 865 utin
855 820 1078 864 insulam
1111 819 1290 876 Ilvam,
1338 826 1581 875 tanquam
1610 817 1667 862 in
1694 816 1929 876 exilium,
1966 818 2240 880 relegetur,
2284 819 2403 881 rege

476 926 503 955 e
529 910 754 970 priorum
778 909 1099 954 dominorum
1128 907 1284 967 stirpe
1311 905 1542 968 legitima
1572 906 1874 966 constituto,
1912 916 1962 951 et
1991 907 2089 952 alia
2105 893 2403 964 hujusmodi

475 998 738 1042 mirabilia.
805 999 907 1042 Ista
929 1012 1047 1042 sane
1070 1010 1275 1058 magna,
1312 995 1386 1039 mi
1424 995 1596 1053 frater,
1633 1005 1709 1040 est
1743 996 2025 1056 conversio,
2061 996 2204 1054 cujus
2234 996 2292 1041 in
2315 1004 2403 1056 po*

475 1086 714 1147 pqurum
730 1085 941 1131 historia
963 1101 1215 1146 nusquam
1232 1084 1482 1144 reperitur
1502 1083 1802 1130 similitudo.
1870 1085 2110 1131 Venetiae
2140 1100 2259 1130 cum
2288 1083 2405 1130 aliis

474 1175 668 1220 arcibus
698 1175 908 1221 traditae
936 1185 1082 1235 sunt,
1121 1176 1178 1220 in
1211 1174 1394 1234 quibus
1432 1188 1672 1236 magnam
1713 1175 2054 1234 sclopetorum
2096 1177 2227 1235 (52),
2283 1185 2403 1219 cum

473 1264 661 1309 verutis
699 1264 802 1308 suis
836 1267 940 1325 (53)
985 1274 1036 1310 et
1070 1266 1277 1325 pulvere
1308 1263 1574 1308 tormentis
1610 1273 1844 1324 apparato
1895 1264 2220 1321 (cartouches)
2272 1266 2403 1324 (52),-

475 1352 792 1413 aliarumque
825 1369 996 1404 rerum
1025 1353 1223 1416 copiam
1250 1352 1570 1399 invenerunt.

1280 1709 1384 1769 VI.

547 1833 688 1890 Viro
747 1834 1087 1910 dignissimo
1109 1876 1125 1904 ,
1183 1834 1347 1894 fratri
1398 1837 1690 1894 carissimo
1737 1835 2036 1914 Chavagae
2074 1835 2150 1897 N,
2231 1838 2402 1912 quem

693 1955 847 2011 Deus
905 1960 1236 2013 conservet!

281 2107 339 2177 P
342 2144 419 2178 ost
462 2134 686 2180 multum
726 2137 1030 2183 desiderium
1062 2148 1114 2183 te
1143 2136 1406 2182 certiorem
1430 2137 1669 2197 facimus,
1704 2140 1857 2184 frater
1904 2138 2184 2198 carissime,
2221 2139 2401 2202 episto-

282 2225 385 2269 lam
434 2233 576 2268 tuam
610 2227 1070 2272 aestimatissimam
1107 2227 1274 2271 datam
1312 2241 1448 2271 nono
1485 2228 1564 2272 die
1597 2228 1725 2284 Maji
1760 2228 1820 2273 ad
1857 2244 1946 2273 nos
1986 2229 2270 2289 pervenisse
2305 2231 2402 2277 De-

281 2328 468 2373 umque
486 2314 542 2358 O.
558 2317 629 2361 M.
650 2317 806 2361 simul
826 2317 885 2361 ob
905 2316 1248 2362 valetudinem
1272 2326 1414 2360 tuam
1440 2316 1752 2362 incolumem
1779 2317 1979 2363 laudavi
2010 2329 2159 2378 atque
2181 2334 2401 2381 compre-

284 2414 419 2448 catus
440 2418 568 2463 sum,
605 2415 663 2449 ut
681 2405 750 2450 ita
769 2421 965 2466 semper
981 2406 1077 2450 tibi
1097 2407 1224 2451 bene
1241 2420 1345 2450 esse
1363 2405 1580 2451 audiam.
1649 2407 1750 2452 Nec
1771 2407 1903 2451 mihi
1920 2408 2044 2452 vitio
2066 2419 2225 2454 vertas
2247 2409 2401 2456 velim

285 2492 659 2538 cunctationem
677 2495 733 2538 in
753 2510 987 2556 responso
1007 2495 1067 2540 ad
1090 2495 1283 2540 litteras
1303 2504 1416 2539 tuas
1441 2495 1705 2540 mittendo,
1745 2497 1873 2540 Nam
1899 2497 2058 2541 tribus
2075 2508 2189 2558 post
2208 2498 2401 2545 litteras

285 2589 393 2624 tuas
417 2593 637 2641 acceptas
669 2584 840 2627 (liebus
872 2585 1084 2644 epistola
1109 2599 1191 2627 me
1218 2584 1428 2646 pertigit
1446 2584 1641 2644 Tripoli
1676 2585 1975 2630 occidentali
2011 2586 2124 2631 data
2151 2603 2179 2632 a
2219 2574 2400 2634 sororis

286 2682 424 2712 meae
450 2669 576 2727 filio,
614 2683 662 2716 et
688 2673 837 2718 allata
861 2688 949 2733 per
967 2673 1274 2730 Liburnum,
1312 2688 1439 2731 quae
1462 2674 1622 2718 filiam
1650 2690 1816 2720 meam
1847 2675 2234 2736 amatissimam,
2270 2679 2402 2724 Mar·

284 2770 491 2817 ganam,
527 2761 786 2805 oculorum
806 2776 1035 2806 meorum
1065 2763 1254 2819 lucem,
1290 2771 1540 2806 mortuam
1563 2777 1693 2822 esse,
1729 2764 1861 2808 mihi
1878 2764 2204 2819 indicabatur.
2275 2766 2400 2812 Scri-

284 2842 359 2889 bit
378 2845 491 2903 ille,
535 2848 760 2904 quotidie
780 2865 888 2895 eam
909 2853 1150 2911 plorasse,
1192 2847 1472 2895 et‘nomine
1491 2867 1602 2896 meo
1623 2867 1705 2897 me
1720 2863 1981 2898 vocantem
2001 2855 2262 2900 clamasse:
2296 2857 2397 2916 „02

286 2930 390 2990 „mi
415 2931 666 2980 carissime
683 2942 844 2996 pater!
880 2939 1113 2985 vivamne
1131 2940 1292 2986 adhuc
1312 2940 1470 2986 donec
1489 2941 1670 2986 faciem
1693 2935 1835 2988 tuam
1849 2943 2123 3004 adspiciam
2159 2946 2264 3006 (54)
2301 2960 2395 2990 nec
