2635 3413
1117 224 1261 241 §svs-
1337 210 1393 256 18
1463 223 1604 239 ωνν

282 361 385 393 non
415 345 578 389 solum
609 340 778 386 omnia
810 353 985 402 grana,
1023 353 1148 397 quae
1182 347 1287 382 sata
1328 346 1490 394 erant,
1528 344 1701 380 exusta
1736 345 1882 394 sunt,
1921 336 2188 396 omnisque
2221 334 2419 382 interiit
2458 338 2462 340 ’

279 435 479 490 messis,
518 443 562 476 et
609 431 794 476 eximie
830 428 1042 494 increvit
1073 427 1295 487 pretium
1334 440 1580 484 annonae,
1611 441 1736 484 quae
1768 441 1869 470 una
1907 441 2025 470 cum
2058 425 2243 485 hordeo
2275 440 2302 470 e
2334 441 2419 472 sex

281 524 539 571 mensibus
564 500 706 576 mari,
742 519 917 580 pretiis
942 516 1233 579 ingentibus
1259 515 1319 559 ad
1350 530 1438 559 nos
1472 514 1761 573 advehitur3
1797 514 1923 574 quin
1948 515 2117 558 oleum
2142 515 2326 560 defecit
2352 531 2427 561 ca-

282 615 402 662 loris
440 610 794 673 magnitudine
834 608 988 652 olivas
1019 607 1073 650 in
1113 605 1367 650 arboribus
1406 604 1747 648 comburente.
1813 605 1976 662 Atque
2016 604 2111 648 iste
2159 605 2322 650 fervor
2366 605 2424 651 in

281 720 428 751 causa
453 703 577 758 fuit,
615 699 745 758 quod
771 697 923 757 pestis
959 694 1122 739 desiit.
1195 694 1384 737 Verum
1413 702 1583 736 tamen
1613 692 1709 737 hoc
1750 707 1908 750 anno,
1946 693 2134 753 gratiae
2167 680 2426 740 habendae

279 806 402 840 sunt
422 795 552 846 De0,
590 792 723 849 larga
747 803 833 831 nos
866 785 1037 846 pluvia
1062 774 1314 827 Dominus
1342 792 1513 826 noster
1534 781 1763 840 donavit,
1803 792 1852 825 et
1875 783 2103 826 multum
2129 783 2325 828 bonum
2338 785 2425 829 ho-

281 884 444 929 mines
490 879 820 926 seminarunt.
890 875 1100 919 Utinam
1128 875 1264 918 Deus
1300 888 1389 917 sua
1420 887 1534 934 erga
1567 887 1656 916 nos
1683 871 1927 916 beneficia
1958 874 2163 934 augeat!
2234 874 2421 919 Amen!

410 1062 664 1106 Praeterea
694 1066 874 1101 notum
906 1065 956 1099 te
991 1053 1147 1111 faciO,
1188 1051 1322 1113 quod
1349 1051 1567 1113 septimo
1601 1060 1771 1096 octavo
1804 1061 1853 1095 et
1890 1067 2024 1096 nono
2054 1051 2316 1112 praeteriti
2339 1052 2426 1098 Fe-

277 1150 465 1197 bruarii
491 1150 570 1193 die
591 1149 859 1192 vehemens
892 1155 940 1189 et
960 1144 1131 1204 rapida
1152 1142 1336 1187 accidit
1355 1122 1588 1203 procella,
1628 1140 1872 1204 grandine
1896 1152 1945 1186 et
1967 1142 2141 1202 pluvia
2163 1142 2424 1188 decidente

278 1242 505 1300 marique
526 1239 875 1284 tumultuante
895 1246 944 1279 et
966 1235 1181 1278 furente.
1205 1234 1265 1276 In
1281 1243 1432 1292 portu
1455 1242 1624 1276 nostro
1649 1232 1847 1276 circiter
1865 1232 2077 1294 triginta
2095 1247 2241 1276 naves
2265 1242 2421 1292 erant,

280 1349 306 1378 e
330 1332 510 1392 quibus
533 1345 634 1373 non
662 1327 763 1372 nisi
793 1336 1008 1386 quatuor
1036 1334 1123 1368 aut
1149 1323 1376 1382 quinque
1403 1332 1621 1367 servatae
1646 1331 1780 1381 sunt,
1793 1321 2103 1381 reliquarum
2130 1338 2242 1383 pars
2260 1322 2315 1366 in
2338 1322 2422 1368 lit-

277 1434 384 1469 tore
411 1421 588 1477 fracta,
625 1433 735 1478 pars
774 1419 878 1476 (39)
917 1414 1045 1458 mari
1067 1413 1323 1457 submersa
1355 1422 1443 1457 est.
1513 1411 1658 1456 Unde
1687 1427 1933 1473 magnum
1957 1413 2317 1457 mercatoribus
2346 1427 2422 1458 ac-

281 1512 406 1557 cidit
436 1511 694 1554 damnum.
764 1507 868 1567 Ego
895 1519 1091 1564 quoque
1115 1503 1236 1547 duos
1266 1502 1418 1547 lintei
1445 1502 1597 1546 fasces
1629 1502 1898 1560 habebam,
1937 1517 2058 1561 quos
2080 1480 2305 1547 Liburno
2345 1517 2420 1548 ac·

280 1617 532 1663 ceperam,
570 1609 627 1643 ut
664 1612 744 1641 eos
772 1611 798 1640 a
827 1593 1189 1656 possessoribus
1217 1592 1273 1636 in
1316 1592 1608 1637 clientelam
1637 1607 1804 1635 meam
1835 1592 2208 1636 commendatos
2242 1591 2419 1637 vende-

279 1708 419 1750 rem3
490 1689 574 1734 sed
606 1687 792 1749 gratiae
827 1686 929 1729 sint
961 1686 1093 1743 Deo,
1133 1693 1248 1728 ante
1271 1692 1623 1743 tempestatem
1658 1682 1802 1726 illam
1839 1684 1944 1743 (75)
1982 1681 2041 1726 ad
2070 1692 2253 1726 terram
2277 1681 2418 1727 allati

279 1792 416 1827 sunt.
489 1780 644 1835 SciaS,
682 1777 755 1820 mi
785 1777 956 1832 frater,
992 1774 1145 1834 pestis
1178 1784 1428 1833 tempore,
1467 1787 1592 1831 quae
1629 1771 1855 1831 quotidie
1895 1772 2039 1816 mille
2070 1771 2303 1816 homines
2335 1786 2418 1832 pe-

278 1872 497 1929 rierunt,
537 1883 708 1913 omnes
738 1866 914 1911 Franci
936 1864 1256 1919 (Christiani)
1282 1864 1524 1908 Consules
1549 1871 1598 1906 et
1620 1861 1866 1922 permulti
1893 1861 2007 1920 alii,
2048 1861 2278 1906 domibus
2309 1861 2415 1907 suis
2444 1902 2453 1907 s

277 1961 467 2006 inclusi
501 1969 664 2016 erant,
703 1972 794 2019 ego
828 1970 1024 2016 quoque
1059 1954 1164 2014 ipse
1189 1953 1291 1997 nisi
1322 1952 1376 1997 in
1404 1952 1637 1996 manibus
1665 1951 1790 1995 meis
1816 1951 2034 1995 fuissent
2060 1951 2416 2012 mercimonia,

278 2051 562 2097 amicorum
594 2063 845 2104 meorum,
884 2060 1008 2105 quae
1033 2043 1323 2102 venderem,
1362 2042 1417 2087 in
1444 2043 1589 2086 horto
1619 2057 1701 2086 me
1734 2042 2048 2100 inclusurus,
2087 2050 2175 2086 aut
2196 2041 2415 2101 primam

281 2155 534 2203 quamque
557 2139 816 2200 regionem
836 2136 1088 2196 petiturus
1117 2133 1343 2178 fuissem.
1414 2132 1602 2190 Lintei,
1641 2131 1954 2176 involvendis
1976 2131 2291 2175 cadaveribus
2312 2130 2414 2176 ido-

277 2232 387 2290 nei,
424 2229 649 2290 pretium
681 2227 901 2272 maxime
933 2224 1168 2282 increvit3
1215 2238 1307 2267 nec
1342 2223 1492 2267 libros
1522 2221 1655 2266 mihi
1682 2236 1966 2281 comparere
1993 2219 2160 2281 potui,
2197 2220 2411 2281 timens,

277 2337 342 2367 ne
368 2330 507 2381 peste
531 2317 787 2377 inquinati
814 2324 1002 2372 essent,
1050 2328 1290 2372 eumque,
1340 2312 1429 2371 qui
1461 2327 1540 2355 eos
1573 2321 1828 2373 tangeret,
1865 2311 2142 2370 laederent,
2192 2309 2296 2355 nisi
2324 2309 2412 2355 ubi

277 2427 366 2473 per
398 2409 726 2470 quadraginta
760 2406 863 2450 dies
899 2404 1002 2449 aeri
1034 2402 1249 2463 expositi
1274 2412 1422 2461 atque
1451 2401 1521 2446 ita
1553 2401 1756 2464 purgati
1791 2411 1968 2445 essent.
2040 2400 2159 2445 Vidi
2192 2410 2243 2445 te
2277 2399 2412 2445 mihi

276 2500 474 2546 misisse
514 2498 642 2544 CLX
682 2497 892 2540 florenos
923 2509 1012 2554 pro
1054 2493 1219 2551 libris,
1274 2491 1597 2553 pretiumque
1631 2490 1860 2536 chronici
1894 2490 2138 2536 Kermalii
2177 2490 2412 2535 statuisse

276 2589 605 2652 quadraginta
627 2597 677 2631 et
701 2596 811 2630 octo
839 2586 1026 2647 regales
1050 2597 1245 2641 aureOS,
1282 2583 1496 2626 Hamsae
1514 2596 1626 2625 vero
1652 2581 2002 2641 Ispahanensis
2027 2581 2215 2626 librum
2237 2579 2408 2625 decem

275 2681 479 2743 regales.
550 2676 694 2738 Quod
709 2674 899 2734 fecisti,
937 2673 1011 2719 mi
1044 2672 1270 2731 domine,
1308 2682 1384 2716 est
1414 2672 1652 2732 salutare,
1690 2682 1741 2716 et
1766 2671 1862 2716 tibi
1892 2670 2120 2732 proficiat
2163 2668 2268 2731 (76)
2292 2683 2409 2730 gau-

277 2768 459 2828 dioque
485 2766 552 2812 sit
578 2782 668 2827 pro
694 2766 973 2825 voluptate,
1011 2778 1163 2824 quam
1195 2772 1247 2807 te
1273 2763 1468 2806 salvum
1501 2776 1605 2806 esse
1637 2761 1875 2822 percipio.
1947 2761 2096 2805 Hisce
2122 2757 2405 2818 mensibus,

278 2858 439 2918 pretio
464 2857 712 2901 vilissimo
741 2855 937 2899 venditi
967 2863 1089 2898 sunt
1114 2851 1231 2898 libri
1259 2851 1533 2896 hominum
1560 2861 1700 2912 peste
1729 2851 2106 2908 defunctorum,
2144 2863 2294 2909 quare
2317 2847 2406 2893 ite-

277 2961 394 2993 rum
420 2956 470 2991 te
497 2945 691 3007 hortor,
727 2955 787 2990 ut
814 2945 1087 3005 pecuniam
1110 2942 1310 3004 mittaS,
1346 2956 1439 2987 nec
1465 2941 1741 3002 quidquam
1766 2939 2003 2999 verearis,
2041 2938 2196 2984 etiam
2230 2937 2273 2984 si
2299 2937 2404 2983 sint
