2635 3413
970 284 1112 305 κεν
1186 257 1244 322 13
1314 281 1458 301 §.s-s·

152 395 476 445 Tunensibus
503 396 780 444 necessaria
816 389 888 458 (9)
932 412 1177 456 emerem,
1202 396 1473 443 lucr1cum
1495 412 1553 443 eo
1583 397 1875 446 societatem
1900 400 2123 448 initurus
2161 408 2264 461 (12)
2278 421 2296 464 3

149 486 306 546 idque
358 486 492 532 mihi
530 488 718 547 placet,
756 497 806 532 et
840 488 1155 548 profecturus
1196 486 1528 534 mercimonia
1567 503 1773 534 mecum
1808 491 2082 538 traducam.
2186 496 2296 540 Jam

83 582 87 586 “
145 575 319 636 incepi
350 591 516 621 emere
539 577 847 639 octingentis
877 578 1079 622 florenis
1099 592 1198 636 reS,
1236 593 1325 638 per
1353 593 1473 637 quas
1497 578 1685 624 scimus
1716 594 1806 625 nos
1831 581 2033 626 lucrum
2061 583 2294 630 facturos

144 665 355 711 Utinam
383 666 516 711 mihi
528 666 761 712 {linteum
789 667 993 712 mittere
1020 666 1114 711 tibi
1132 667 1383 712 licuisset!
1415 667 1476 712 ad
1504 668 1779 714 emendum
1799 670 1945 716 mille
1966 672 2179 719 florenos
2199 674 2295 719 tibi

145 755 395 801 missurus
428 756 664 816 fuissem,
704 757 947 817 quoniam
967 757 1167 802 Tunete
1194 758 1399 802 lucrum
1421 758 1514 804 hac
1544 758 1601 803 in
1624 774 1677 803 re
1699 759 1992 805 faciendum
2014 773 2102 808 est.
2172 765 2299 809 Pan·

147 861 242 891 nus
280 845 385 907 (65)
422 861 535 890 vero
560 847 645 891 hic
678 848 928 908 reperitur
955 857 1005 892 et
1033 847 1298 907 pulchrior
1329 858 1380 893 et
1409 848 1558 893 vilior
1583 848 1751 894 missis
1779 851 2144 910 speciminibus
2177 854 2297 899 tuiS.

142 936 308 995 Addo,
344 936 387 981 si
414 936 603 981 iterum
625 941 643 990 ζ
648 940 730 995 33)
767 937 970 981 mittere
991 952 1140 996 queas
1162 937 1398 996 linteum,
1437 954 1691 999 compares
1713 941 1822 985 loco
1841 941 2000 986 trium
2030 942 2089 988 de
2111 943 2294 1004 quibus

143 1025 346 1086 scripsi,
383 1026 609 1087 quinque
631 1028 781 1086 telas,
818 1042 922 1072 una
940 1042 1059 1071 cum
1091 1027 1308 1072 collariis
1340 1038 1390 1073 et
1411 1028 1764 1090 emunctoriiS,
1800 1030 1858 1076 in
1887 1032 2066 1078 domus
2095 1044 2296 1079 nostrae

143 1131 325 1176 usum,
361 1132 499 1177 quas,
544 1132 721 1178 operae
754 1117 891 1161 nihil
927 1132 1158 1177 parcens,
1201 1133 1291 1177 per
1328 1117 1581 1163 Viennam
1620 1122 1951 1181 transportari
1979 1123 2166 1179 jubeas.
2237 1124 2294 1169 Id

146 1215 281 1252 certe
324 1209 396 1262 (8)
455 1207 702 1252 audiveris
723 1204 1068 1268 Napoleonem
1098 1207 1156 1251 ab
1188 1207 1357 1252 insula
1386 1208 1492 1252 Ilva
1521 1208 1779 1270 aufugisse
1810 1222 1861 1257 et
1893 1213 2087 1258 Galliae
2110 1225 2293 1260 terram

143 1295 482 1355 adscendisse,
520 1297 609 1341 ubi
641 1308 778 1343 totus
808 1313 860 1342 se
884 1296 1003 1342 cum
1035 1311 1092 1341 eo
1116 1297 1422 1354 conjunnxit
1441 1299 1704 1344 exercitus.
1774 1302 1939 1347 Hodie
1965 1319 2082 1349 eum
2114 1304 2293 1351 dicunt

137 1385 354 1431 intrasse
380 1386 666 1446 Lutetiam,
704 1386 793 1432 alii
836 1397 1010 1431 contra
1041 1385 1272 1432 Genevae
1305 1387 1595 1434 Helveticae
1625 1389 1854 1452 regiones
1889 1393 2111 1452 petiisse.
2182 1396 2292 1440 Fer·

139 1485 226 1520 tur
253 1475 408 1520 etiam
424 1475 734 1535 Blic‘cherum,
771 1491 1034 1520 summum
1056 1477 1373 1522 exercituum
1393 1488 1675 1524 vestrorum
1698 1480 1894 1540 ducem,
1933 1483 2154 1529 Galliam
2172 1501 2290 1532 cum

141 1563 301 1626 copiis
331 1564 434 1610 suis
463 1575 750 1626 penetrasse
786 1576 838 1611 et
876 1567 974 1611 alia
1003 1566 1211 1612 similia.
1285 1567 1422 1612 Cista
1456 1584 1612 1628 quam
1638 1570 1851 1630 misisti,
1899 1587 2017 1617 cum
2052 1575 2287 1622 omnibus

140 1670 269 1716 quae
295 1655 343 1701 ei
367 1654 668 1715 iucluseras,
706 1658 857 1702 allata
889 1667 978 1703 est.
1047 1657 1184 1702 Deus
1213 1667 1393 1719 augeat
1425 1660 1644 1705 salutem
1672 1661 1907 1707 dominae
1932 1674 2136 1724 propter
2162 1680 2289 1710 mar-

141 1746 374 1807 supium,
413 1746 546 1806 quod
582 1746 716 1791 mihi
755 1746 885 1791 dono
919 1747 1077 1792 misit.
1115 1748 1325 1808 Quando
1367 1749 1624 1795 Tunetem
1659 1751 1878 1812 redier0,
1916 1760 1960 1797 'e
1996 1754 2288 1817 regionibus

141 1836 349 1895 nostris,
384 1836 433 1881 ei
463 1836 656 1896 aliquid
689 1838 823 1897 quod
848 1853 959 1881 eam
980 1838 1222 1898 oblectet,
1259 1839 1367 1884 Deo
1399 1851 1679 1901 annuente,
1716 1843 1935 1888 mittam.
2006 1846 2287 1892 Plurimam

141 1927 361 1971 salutem
382 1926 636 1986 dominae,
673 1926 830 1972 sorori
859 1926 1163 1986 carissimae,
1200 1927 1468 1989 visiroque,
1506 1931 1612 1977 viro
1645 1931 1958 1995 dignissimo.
2030 1935 2285 1997 Scriptum

139 2015 222 2063 die
246 2017 468 2062 XXVIII⁶
491 2017 619 2074 Maji
648 2018 1012 2065 MDCCCXIV.
1050 2018 1294 2080 Tergesti.

1131 2319 1256 2378 VH.

400 2434 544 2491 Viro
589 2431 958 2510 dignissime,
1010 2434 1201 2489 amico
1248 2433 1576 2501 carissimo,
1628 2428 2076 2493 honoratissimo
2119 2438 2280 2499 Cha..

553 2551 695 2609 vaga
734 2532 805 2588 N.
854 2550 1026 2606 quem
1067 2532 1222 2588 Deus
1265 2531 1334 2589 O.
1372 2531 1448 2588 Μ.
1489 2536 1818 2588 conservet!

134 2689 272 2761 Post
286 2711 572 2776 plurimum
598 2706 902 2753 desiderium
925 2706 1023 2752 tibi
1041 2707 1242 2766 nuntio,
1263 2706 1428 2752 ambas
1456 2715 1566 2750 tuas
1585 2703 1821 2766 epistolas
1844 2705 2275 2754 aestimatissimas

134 2805 418 2863 advenisse,
458 2815 673 2862 quarum
698 2800 879 2857 altera,
915 2797 1101 2858 scripta
1128 2798 1238 2843 XII.
1265 2796 1407 2842 Junii
1431 2810 1520 2856 per
1548 2795 1872 2856 Tergestum,
1909 2798 2063 2842 altera
2082 2798 2273 2844 mensis

132 2892 400 2940 memorati
430 2893 586 2938 XXII.
629 2905 718 2951 per
740 2888 961 2935 Galliam
995 2903 1078 2932 me
1110 2896 1377 2934 consecuta
1402 2895 1490 2931 est.
1562 2886 1787 2945 Utraque
1820 2885 2112 2933 brevissimo
2134 2889 2273 2936 adve-

132 2985 215 3032 nit
256 2979 503 3046 tempores,
561 2980 827 3028 continens
871 2978 1212 3042 syngrapham
1248 2977 1332 3039 (65
1346 2976 1396 3034 *)
1449 2975 1510 3023 de
1541 2976 1711 3022 CCXL
1744 2976 1969 3039 Francis,
2026 2994 2272 3042 quaprop-
