2635 3413
1048 281 1139 300 us
1146 282 1192 300 ν
1270 275 1289 308 1
1299 274 1327 321 9
1398 278 1541 297 §ws-

216 398 423 448 ducenti
443 397 757 457 trecentique
777 397 966 459 regales
984 394 1146 453 aurei,
1181 409 1271 455 pro
1295 409 1393 455 qua
1427 391 1685 459 (pecunia)
1722 392 1910 436 multos
1934 390 2030 436 tibi
2049 406 2229 451 eosque
2244 393 2355 452 pul-

216 506 322 538 cros
351 490 503 536 libros
536 488 628 533 vili
648 488 802 548 pretii
829 487 1032 532 mittere
1053 499 1276 548 pergam.
1415 482 1675 545 Scriptum
1699 482 1756 528 in
1784 482 1906 528 urbe
1924 483 2146 543 Tunete,
2182 482 2356 529 diebus

217 580 407 628 mensis
442 578 624 625 Martii
651 576 1018 623 MDCCCXXI.

531 759 611 804 En
645 757 902 819 lepidum,
948 754 1083 816 quod
1119 754 1175 801 in
1211 754 1341 800 libro
1376 753 1546 815 aliquo
1581 752 1782 813 inveni,
1819 752 2080 817 aenigma:

422 943 565 988 Duae
601 939 725 998 Ain,
760 938 860 983 Ain
897 937 1108 997 inquam
1146 937 1296 995 duae,
1334 951 1426 981 nec
1462 946 1635 981 tamen
1666 935 1766 980 Ain
1801 934 2058 995 videntes,

556 1040 605 1076 et
646 1030 701 1076 in
746 1034 953 1088 quaque
987 1028 1172 1074 harum
1209 1028 1423 1072 duarum
1457 1027 1559 1072 Ain
1593 1035 1716 1071 sunt
1750 1025 1875 1070 duae
1911 1026 2056 1085 Nun3

422 1123 566 1168 Duae
602 1121 744 1179 Nun,
781 1120 901 1164 Nun
937 1119 1013 1176 ajo
1052 1118 1198 1178 duae,
1247 1133 1340 1163 nec
1375 1127 1548 1163 tamen
1585 1132 1613 1161 a
1649 1117 1839 1161 calamo
1876 1116 2042 1176 pictae

553 1221 605 1257 et
641 1211 697 1256 in
733 1224 930 1270 quaque
965 1209 1150 1255 harum
1186 1208 1402 1254 duarum
1436 1209 1580 1267 Nun,
1618 1207 1743 1254 duae
1779 1207 1892 1253 Ain.
1939 1209 2044 1269 (ῃ)

1182 1391 1223 1434 Α
1234 1391 1252 1435 1
1264 1389 1281 1433 i
1291 1405 1326 1433 u
1338 1388 1368 1434 d
1380 1406 1391 1434 :

420 1480 622 1527 Pulsavi
644 1480 749 1536 ejus
767 1489 986 1540 portam,
1020 1479 1176 1526 donec
1197 1478 1526 1524 remittebant
1544 1477 1690 1537 ictus,

560 1581 611 1617 et
629 1585 833 1616 mecum
852 1571 1124 1631 collocuta,
1162 1580 1355 1616 memet
1389 1569 1686 1615 vulneravit.
1758 1570 1862 1631 (78)

494 2050 638 2108 Viro
707 2050 1076 2127 dignissimO,
1148 2051 1337 2106 amico
1406 2046 1703 2104 carissimo
1755 2044 1826 2103 N.
1883 2046 2361 2113 honoratissim0‚

648 2191 823 2245 quem
860 2172 1015 2228 Deus
1059 2169 1125 2227 O.
1149 2170 1223 2226 M.
1267 2170 1487 2227 salvum
1525 2167 1754 2224 reddat!
1838 2170 1963 2244 (79)

231 2336 287 2405 P
290 2373 521 2424 ostquam
550 2364 838 2425 plurimum
869 2375 1123 2425 nostrum,
1158 2365 1343 2411 faciem
1365 2374 1510 2409 tuam
1536 2363 1757 2420 beatam,
1793 2357 1935 2404 omni
1960 2357 2204 2405 felicitate
2230 2371 2363 2405 sum·

232 2469 417 2517 maque
449 2456 612 2500 salute
651 2465 880 2499 ornatam
913 2455 1224 2517 adspiciendi
1257 2454 1564 2500 desiderium
1599 2450 1991 2508 declaravimuS,
2037 2449 2185 2509 scias,
2241 2460 2358 2496 ante

232 2545 371 2590 hunc
402 2544 562 2603 diem,
610 2555 836 2605 tempore
869 2545 1166 2592 felicissimo
1203 2556 1254 2592 et
1279 2547 1402 2591 hora
1435 2542 1774 2600 nobilissima,
1821 2539 2190 2585 aestimabilem
2222 2550 2366 2585 tuam

232 2635 526 2696 epistolam,
560 2635 646 2679 die
667 2636 785 2679 VIII
804 2636 1096 2681 Decembris
1123 2653 1164 2682 a.
1185 2653 1233 2698 p.
1260 2635 1526 2696 scriptam,
1564 2632 1622 2677 ad
1649 2646 1738 2677 nos
1766 2630 2076 2691 pervenisse,
2121 2629 2204 2675 cui
2229 2629 2368 2675 invo-

231 2728 340 2771 luta
361 2725 463 2771 fuit
489 2725 609 2784 alia,
647 2740 736 2785 per
763 2740 976 2771 manum
997 2737 1141 2772 tuam
1158 2727 1359 2771 Tunete
1383 2724 1525 2769 nobis
1554 2721 1859 2768 transmissa.
1929 2721 2096 2781 Quam
2118 2721 2251 2780 quod
2277 2732 2372 2767 sta-

231 2816 331 2861 tim
358 2815 419 2861 ad
449 2830 539 2861 nos
568 2815 914 2876 perferendam
943 2817 1150 2876 curasti,
1197 2816 1411 2879 gratiam
1440 2814 1535 2859 tibi
1571 2812 1794 2876 agimus,
1839 2820 1890 2856 et
1926 2810 2177 2855 Dominus
2215 2822 2366 2857 tuum

235 2906 379 2951 nobis
410 2920 634 2952 amorem
664 2916 935 2952 conservet.
1004 2907 1357 2952 Intelleximus
1390 2904 1585 2962 omnia,
1623 2918 1750 2964 quae
1777 2901 2077 2963 exposuisti,
2132 2913 2182 2947 et
2210 2903 2270 2947 ob
2298 2918 2367 2948 sa-

237 2996 360 3042 lutis
380 3007 497 3043 tuae
519 2996 868 3059 integritatem
890 2998 1060 3043 Deum
1081 2998 1136 3044 O.
1154 2998 1224 3042 M.
1256 2996 1595 3042 laudavimus.
1669 2993 1925 3054 Scripsisti
1958 3003 2009 3039 te
2037 3003 2262 3040 nostram
2292 3008 2370 3040 su-
