2635 3413
1113 315 1255 334 „ss-
1326 305 1387 341 22
1458 314 1599 332 „w

1245 410 1252 412 ’
1289 421 1417 479 XII.

550 565 698 621 Viro
769 563 1141 640 dignissime,
1221 566 1408 618 amico
1463 562 1863 632 dilectissimo,
1940 565 2406 639 praeclarissimo

707 661 1084 732 DonfinoN.
1131 659 1610 729 honoratissime,
1665 680 1840 734 quem
1877 662 2031 718 Deus
2087 673 2414 731 conservet,

703 760 986 832 cujusque
1028 757 1273 834 gloriam
1320 770 1376 813 et
1424 760 1602 814 vitam
1647 758 1972 836 prolonget.

282 898 570 984 Postquam
608 929 712 981 (88)
748 941 987 986 personae
1013 937 1129 971 tuae
1161 928 1599 972 aestimatissimae
1636 927 1768 988 quod
1803 927 1850 972 ei
1875 928 2082 973 debetur
2116 925 2323 990 honoris
2366 936 2418 972 et

279 1016 613 1059 venerationis
642 1016 831 1073 obtuli,
869 1015 1276 1076 desideriumque
1304 998 1620 1062 uberrimum
1646 1027 1696 1062 et
1724 1027 1900 1063 votum
1922 1033 2186 1063 summum
2217 1015 2418 1062 lumina

287 1102 432 1147 faciei
458 1115 574 1149 tuae
599 1105 965 1164 hilarissimae,
1003 1121 1155 1165 quam
1183 1107 1319 1150 Deus
1343 1108 1397 1152 O.
1425 1107 1498 1153 M.
1524 1107 1666 1151 omni
1691 1107 1823 1152 bono
1851 1117 2079 1152 ornatam
2096 1116 2235 1170 tegat
2259 1116 2311 1151 et
2335 1093 2421 1151 cu-'

279 1193 461 1238 stodiat
490 1209 656 1239 coram
683 1195 888 1240 videndi
919 1205 969 1239 et
1012 1196 1392 1256 contemplandi
1430 1196 1696 1242 declaravi:
1753 1212 1952 1256 eorum,
2014 1212 2142 1256 quae
2182 1186 2417 1240 manibus

280 1281 380 1326 tuis
404 1297 429 1326 a
451 1299 533 1328 me
552 1285 877 1345 proponenda
908 1294 1030 1330 sunt
1065 1285 1118 1341 (i.
1132 1301 1172 1330 e.
1210 1267 1336 1345 quae
1363 1286 1458 1330 tibi
1491 1287 1705 1331 scribere
1732 1286 1899 1343 volui)
1933 1286 2164 1347 primum
2187 1286 2284 1330 hoc
2316 1293 2414 1344 est,

287 1382 343 1416 ut
379 1372 438 1417 de
467 1374 644 1419 salutis
681 1384 798 1419 tuae
834 1375 1129 1436 integritate
1164 1385 1214 1419 et
1248 1390 1417 1420 rerum
1447 1386 1652 1421 tuarum
1681 1386 1817 1421 statu
1847 1377 1978 1421 bono
2007 1386 2057 1422 te
2081 1362 2418 1438 interrogem3

277 1461 382 1506 Deo
414 1464 615 1508 volente
640 1464 855 1509 sanitate
885 1474 934 1509 et
960 1464 1316 1510 incolumitate
1342 1465 1640 1525 plenissima
1665 1466 1877 1511 vestitus
1917 1466 2028 1511 eris.
2099 1465 2297 1511 Deinde
2320 1463 2418 1509 tibi

277 1551 475 1610 nuntiO,
513 1553 646 1612 quod
667 1569 726 1597 ex
752 1554 841 1598 illo
868 1564 1093 1614 tempore
1122 1569 1220 1613 quo
1246 1554 1432 1614 primas
1463 1555 1676 1614 litteras,
1714 1570 1839 1615 quae
1859 1570 1886 1600 a
1904 1565 1956 1600 te
1982 1554 2042 1599 ad
2062 1541 2287 1600 amicum
2307 1568 2417 1599 nos-

277 1651 415 1685 trum
456 1643 796 1701 carissimum,
863 1643 1148 1688 Domiuum
1190 1645 1388 1706 Alhagg
1425 1644 1762 1690 Muhammed
1797 1678 2008 1692 .....
2057 1633 2416 1705 pervenerunt,

276 1730 484 1790 scriptas
508 1732 821 1795 elegantibus
852 1732 955 1777 tuis
981 1733 1212 1778 ductibus
1243 1743 1292 1778 et
1322 1733 1557 1778 dictionis
1589 1744 1705 1779 tuae
1730 1734 1921 1779 nitidae
1946 1735 2201 1780 claritatae
2220 1743 2416 1778 ornatas
2475 1799 2480 1803 .

275 1819 518 1865 vidimus:
557 1837 639 1865 cor
669 1831 902 1866 nostrum
930 1822 1353 1882 preciosissimam
1375 1833 1516 1867 tuam
1540 1825 1822 1869 amicitiam
1851 1823 2127 1884 exoptavit,
2165 1833 2215 1868 et
2241 1823 2417 1869 statim

275 1924 538 1955 summum
557 1911 689 1971 apud
711 1926 799 1955 nos
834 1922 1065 1956 exortum
1086 1922 1159 1956 est
1179 1911 1484 1957 desiderium
1508 1923 1556 1957 et
1585 1913 1764 1976 ingens
1795 1913 1999 1973 cupido,
2036 1927 2127 1958 nos
2148 1912 2417 1976 nobilitanss

278 1997 329 2042 di
366 2003 449 2055 (88
464 2002 513 2056 *)
551 2016 715 2046 caram
745 2011 888 2045 tuam
915 2016 1181 2061 personam
1214 2002 1583 2063 cognoscendo,
1621 2013 1670 2047 et
1701 2003 1780 2047 die
1819 2018 1874 2048 ac
1908 2013 2055 2048 nocte
2079 2003 2312 2049 meditati
2337 2019 2416 2049 su·
2493 2027 2503 2031 -
2571 1995 2581 2018 ⁴

279 2103 391 2133 mus
421 2089 479 2134 de
510 2091 678 2150 aliqua
705 2091 806 2148 via,
845 2105 941 2150 qua
969 2091 1238 2151 epistolam
1268 2091 1362 2136 tibi
1393 2107 1548 2135 manu
1578 2103 1746 2137 nostra
1774 2093 2120 2139 scriberemus,
2192 2093 2286 2139 Sed
2308 2081 2414 2138 non

275 2178 495 2224 vidimus
526 2195 616 2225 nec
643 2181 803 2225 ullam
828 2180 1032 2239 quidem
1070 2184 1174 2241 (89)
1213 2180 1462 2225 rationem
1487 2181 1827 2227 sufficientem
1854 2192 1902 2227 et
1923 2183 2031 2227 sine
2061 2164 2413 2243 provocatione

274 2267 369 2312 tibi
400 2271 671 2315 molestum
698 2285 824 2329 esse,
863 2281 913 2314 et
940 2280 1090 2330 caput
1119 2281 1269 2314 tuum
1293 2271 1452 2314 literis
1487 2270 1723 2316 inanibus
1754 2271 1981 2317 scindere
2017 2275 2121 2333 (90)
2167 2286 2271 2319 non
2300 2273 2411 2318 ausi

276 2372 472 2417 sumus,
511 2373 575 2404 ne
608 2358 661 2404 id
688 2374 830 2422 aegre
863 2360 1029 2406 ferres.
1101 2359 1355 2405 Praeterea
1390 2361 1769 2405 nobilissimum
1802 2361 2037 2406 animum
2066 2370 2218 2406 tuum
2248 2353 2418 2407 rescriss

276 2447 427 2492 bendi
455 2449 619 2494 officio
653 2459 913 2511 gravatum
942 2464 1046 2494 esse
1072 2448 1346 2496 noluimus.
1420 2450 1565 2494 Nunc
1591 2465 1703 2495 vero
1734 2466 1853 2495 cum
1888 2453 1992 2507 (81)
2030 2451 2086 2496 in
2115 2449 2276 2497 literis
2312 2438 2416 2518 tuis

277 2537 700 2585 aestimatissimis
731 2539 1023 2585 honorificis
1057 2538 1116 2584 ad
1146 2539 1342 2601 Alhagg
1362 2539 1698 2585 Muhammed
1723 2540 1781 2585 N.
1821 2540 1959 2586 dulci
1976 2551 2064 2586 tuo
2091 2555 2320 2586 sermone
2341 2541 2419 2587 be·
2485 2599 2488 2605 Ι

279 2626 491 2687 nignam
509 2628 612 2673 mei
632 2628 951 2674 mentionem
979 2628 1235 2687 injeceris,
1274 2643 1399 2688 quae
1426 2642 1508 2673 cor
1536 2643 1710 2674 meum
1744 2630 1942 2675 laetitia
1965 2640 2016 2675 et
2037 2627 2219 2692 gaudio
2241 2630 2419 2691 imple-

278 2715 371 2772 vit,
409 2731 581 2762 ansam
608 2719 830 2777 aliquam
862 2729 1067 2777 nactus,
1104 2720 1192 2764 has
1220 2718 1315 2764 tibi
1337 2733 1479 2762 exaro
1509 2718 1728 2778 litteraS,
1765 2719 1929 2780 primo
1950 2729 2008 2764 ut
2027 2718 2311 2779 quod'mihi
2340 2726 2417 2764 est

285 2804 516 2850 officium
542 2822 799 2867 exsequar,
830 2810 1055 2853 multum
1073 2809 1264 2853 bonum
1284 2807 1378 2852 tibi
1398 2808 1692 2868 imprecans,
1713 2809 1996 2870 gratiasque
2011 2821 2162 2871 agens
2180 2796 2270 2867 pro
2285 2822 2420 2870 mag-

291 2903 453 2937 natua
473 2911 586 2958 erga
608 2912 689 2940 me
709 2897 1060 2944 benevolentia
1080 2908 1131 2945 et
1148 2898 1405 2953 suavitate,
1443 2898 1621 2957 quibus
1643 2898 1874 2958 superbia
1893 2912 1981 2942 nos
2004 2897 2245 2943 extulisti.
2281 2899 2419 2944 Deus

295 2980 369 3024 tui
391 2983 581 3030 similes
600 2987 935 3047 multiplicet,
972 2998 1022 3032 te
1040 2988 1249 3049 sospitet
1273 2998 1322 3032 et
1344 2987 1400 3031 ab
1425 2988 1565 3033 omni
1589 2989 1721 3032 malo
1741 2987 2003 3045 custodiat,
2040 2985 2420 3048 longissimum·
