2635 3413
1088 279 1540 327 ”vg-m«.

1268 398 1337 455 V.

511 533 715 590 Amico
758 533 1078 600 carissime,
1130 529 1607 598 honoratissimO,
1677 533 2191 612 praestantissimO,
2267 529 2382 588 do·-

591 654 861 721 ctissim0‚
904 652 1206 729 Chavagae
1244 651 1314 708 N.
1353 650 1423 706 N.
1463 668 1638 723 quem
1675 649 1830 706 Deus
1862 649 1929 706 Ο.
1952 651 2027 706 Μ.
2062 664 2382 710 conservet.

244 815 530 906 Postquam
553 854 830 898 maximum
858 863 907 898 te
934 852 1138 899 videndi
1166 850 1472 898 desiderium
1499 851 1770 897 contestati
1791 849 2016 912 plurima
2032 852 2197 896 salute
2219 859 2271 896 te
2286 849 2381 897 im-

246 937 563 998 pertivimus,
601 953 778 987 notum
801 954 850 987 te
867 943 1104 1002 facimus,
1141 943 1275 1003 quod
1308 942 1519 1002 epistola
1556 950 1646 986 tua
1676 941 2095 1000 aestimatissima,
2131 939 2244 985 data
2259 939 2384 986 XIII

248 1024 555 1088 Decembris,
592 1031 650 1076 ad
688 1047 776 1077 nos
818 1033 1072 1093 pervenit,
1117 1032 1626 1091 incolumitatemque
1672 1041 1838 1090 tuam,
1893 1031 2001 1076 Deo
2054 1029 2227 1076 laudes
2264 1028 2382 1076 dan-

247 1124 343 1171 teS,
381 1119 721 1178 cognovimus
792 1122 997 1182 Semper
1015 1123 1143 1167 bene
1171 1132 1222 1167 te
1247 1123 1449 1167 habeas!
1521 1121 1636 1166 Non
1655 1119 1756 1165 nisi
1783 1121 1920 1165 Deus
1942 1120 2186 1183 gaudium
2205 1134 2381 1166 meum

246 1217 492 1261 quantum
521 1209 676 1254 fuerit
707 1223 1023 1272 compertum
1052 1212 1225 1270 habet,
1280 1211 1520 1271 quoniam
1547 1226 1607 1256 ex
1624 1211 1778 1273 longo
1800 1220 2026 1270 tempore
2050 1211 2257 1255 nullum
2284 1224 2310 1254 a
2329 1219 2382 1255 te

246 1308 539 1354 responsum
557 1299 803 1360 videram3
872 1300 1083 1361 ideoque
1114 1317 1312 1362 semper
1344 1302 1391 1346 ei
1420 1299 1639 1363 agendae
1662 1311 1783 1346 sunt
1808 1299 2150 1361 amplissimae
2177 1278 2382 1362 gratiae.

246 1384 355 1428 Vidi
389 1387 541 1432 etiam
567 1390 760 1448 omnia,
791 1405 918 1449 quae
947 1391 1006 1435 de
1033 1391 1178 1435 rebus
1207 1391 1403 1436 bellum
1429 1390 1772 1451 spectantibus
1805 1390 1937 1434 mihi
1968 1388 2244 1450 nuntiasti,
2285 1404 2381 1435 nec

245 1488 447 1533 possum
482 1479 608 1537 quin
642 1480 898 1539 optimum
932 1481 1068 1525 Deus
1111 1481 1205 1525 tibi
1244 1481 1488 1526 retribuat
1523 1494 1821 1540 comprecer.
1890 1480 2023 1524 Fiat!
2060 1481 2167 1542 (43)
2237 1477 2395 1540 Quod,

244 1564 303 1609 ad
338 1567 533 1613 flabella
573 1578 623 1614 et
663 1569 890 1629 pastillos
935 1570 1195 1615 odorantes
1237 1573 1343 1633 (44)
1399 1584 1543 1628 quos,
1594 1584 1622 1613 a
1651 1584 1733 1613 me
1760 1568 1855 1613 tibi
1884 1569 2086 1628 missos,
2123 1551 2380 1628 'scripsisti

246 1667 570 1702 mercatorem
597 1659 771 1716 illum,
809 1659 894 1704 cui
921 1660 1015 1703 ista
1039 1659 1321 1717 tradideris,
1357 1658 1570 1703 vendere
1601 1674 1706 1704 non
1737 1673 1903 1719 posse,
1939 1658 2017 1702 fac
2049 1672 2129 1703 eos
2149 1657 2378 1703 remittas

245 1745 407 1790 oblata
431 1748 597 1807 aliqua
614 1749 885 1795 occasione.
923 1751 1252 1809 Dactylorum
1277 1747 1467 1805 videb0,
1490 1729 1702 1807 *quando
1731 1727 2022 1793 adrenerint
2050 1731 2215 1805 nave5‚
2250 1761 2379 1791 num

247 1833 339 1879 tibi
383 1836 583 1882 mittere
617 1839 805 1898 possim
847 1839 1043 1884 dolium
1077 1839 1293 1883 duorum
1325 1838 1752 1895 centenariorum,
1789 1837 1932 1894 cujus
1977 1851 2095 1881 cum
2141 1846 2380 1882 mercato-

245 1940 357 1969 rum
393 1928 685 1972 vestratium
717 1930 885 1988 aliquo
931 1929 1222 1973 societatem
1253 1928 1449 1974 faciam.
1517 1928 1659 1972 NIare
1698 1942 1836 1971 nunc
1864 1925 2034 1971 divina
2052 1925 2236 1988 gaudet
2266 1940 2378 1986 pro·

246 2016 488 2075 tectione,
535 2017 760 2077 quotidie
799 2018 991 2063 intrant
1018 2033 1191 2077 naves,
1250 2028 1299 2063 et
1329 2018 1571 2079 Anglicus
1611 2016 1869 2076 copiarum
1904 2016 2163 2061 navalium
2180 2025 2380 2075 praetor

245 2120 361 2150 cum
392 2117 494 2151 tota
524 2108 678 2153 classe
711 2123 800 2152 sua
827 2108 910 2153 hic
942 2118 1280 2153 commoratur
1312 2107 1372 2152 ad
1399 2107 1649 2151 auxilium
1669 2105 1932 2151 Germanis
1963 2105 2250 2164 ferendum,
2288 2104 2379 2164 qui

243 2195 449 2254 quidem
477 2195 615 2241 hisce
644 2197 816 2242 diebus
845 2197 899 2242 in
929 2197 1092 2255 Italia,
1129 2191 1334 2259 regione
1360 2198 1597 2254 Veronae,
1625 2195 1882 2240 fortunam
1911 2195 2164 2239 adversam
2186 2194 2379 2255 experti

242 2295 374 2344 sunt,
399 2286 709 2346 Romamque
727 2287 889 2332 adhuc
907 2288 1057 2347 plane
1077 2300 1180 2330 non
1199 2286 1490 2347 tetigerunt.
1526 2288 1590 2330 At
1613 2285 1822 2330 coelitus
1846 2284 1915 2328 eis
1945 2284 2196 2328 auxilium
2221 2282 2376 2333 venit,
2427 2283 2432 2288 '

242 2385 290 2419 et
321 2375 463 2420 credo
483 2376 619 2421 brevi
646 2376 866 2423 vincent.
900 2375 1139 2421 Venetiae
1168 2385 1287 2420 sunt
1307 2375 1530 2420 obsessae
1548 2390 1575 2419 a
1595 2373 1903 2420 continentis
1927 2374 2104 2431 latere,
2143 2373 2214 2418 ita
2231 2383 2289 2418 ut
2301 2373 2377 2418 ni·
2430 2416 2433 2418 .

245 2464 317 2509 hil
339 2465 524 2511 intrare
546 2477 710 2526 queat.
762 2466 956 2511 Milites
979 2465 1308 2527 Franco-galli
1327 2479 1406 2510 eas
1431 2456 1626 2510 tenent.
1666 2463 2012 2509 Necessarium
2031 2472 2120 2521 est,
2166 2472 2225 2508 ut
2242 2463 2377 2510 fame

244 2566 608 2616 expugnentur.
645 2557 724 2600 Tu
742 2571 854 2601 vero
872 2556 948 2600 fac
968 2555 1123 2600 sciam
1145 2570 1386 2600 verumne
1406 2555 1486 2613 sit,
1509 2553 1753 2599 exercitus
1775 2552 2142 2597 foederatorum
2159 2552 2379 2609 trajecis-

242 2658 292 2686 se
314 2643 582 2703 -Rhenum,
618 2661 738 2690 nam
757 2661 840 2690 vos
883 2645 985 2690 illis
1022 2644 1275 2705 propiores
1313 2644 1446 2703 estis,
1482 2659 1633 2703 quam
1666 2658 1781 2702 nos,
1817 2657 1910 2687 nec
1941 2641 2207 2704 ignoratis,
2252 2641 2376 2702 quid

245 2730 352 2776 illic
381 2745 592 2795 geratur.
663 2734 914 2780 Dominus
937 2734 1162 2779 Achmed
1180 2734 1483 2795 Algeriensis
1509 2733 1761 2794 profectus
1785 2741 1859 2777 est
1888 2731 1945 2775 in
1963 2730 2186 2775 insulam
2201 2731 2374 2790 Jazyn-

246 2820 397 2865 thum
456 2838 582 2882 quae
609 2834 682 2868 est
699 2825 788 2871 sub
817 2824 1008 2870 ditione
1025 2825 1328 2886 Anglorum,
1367 2833 1424 2867 ut
1447 2838 1625 2868 navem
1640 2823 1748 2866 oleo
1769 2829 2004 2865 onustam
2039 2821 2145 2882 (45)
2181 2833 2238 2864 eo
2261 2833 2375 2864 con-

247 2908 406 2955 ducat.
476 2912 750 2958 Dictitabat
786 2913 1014 2973 quidem,
1061 2929 1112 2959 se
1147 2913 1241 2958 tibi
1273 2913 1603 2973 scripturum,
1639 2926 1816 2956 verum
1841 2905 2048 2954 nullum
2076 2907 2124 2953 ei
2156 2907 2373 2969 contigit

247 2998 422 3043 otium.
493 3002 740 3047 Dominus
760 3002 904 3066 Hagg
934 3005 1105 3062 Omar,
1144 3019 1262 3049 cum
1289 3003 1479 3047 litteras
1505 3013 1614 3046 tuas
1648 3001 1694 3046 ei
1721 2998 2071 3057 ostendissem,
2107 2997 2373 3046 vehemen-
