2635 3413
1015 257 1159 276 §W
1228 252 1258 301 9
1327 257 1470 277 §W

162 385 240 421 ter
264 375 478 421 laetatus
507 380 582 420 e'st
606 382 685 431 et,
711 370 929 431 „scribe,
965 370 1152 433 inquit,
1190 371 1352 418 amico
1380 381 1484 430 tuo,
1521 383 1740 430 eumque
1766 369 1990 415 salutans
2012 370 2137 416 meis
2153 370 2313 416 verbiS

165 464 266 523 dic,
304 473 362 509 ut
391 462 524 508 mihi
564 461 720 507 lintei
758 461 950 521 aliquid
990 462 1211 508 mittat.“
1279 461 1507 507 Pretium
1531 461 1664 519 erS,
1702 475 1784 505 me
1813 458 2175 519 adderejussit,
2214 460 2315 505 cui-

163 569 367 613 cunque
395 550 641 610 volueris,
679 551 836 597 isthic
858 566 963 595 sese
994 566 1098 596 esse
1125 551 1445 596 traditurum.
1516 550 1906 610 Quamprimum
1933 549 2094 611 igitur
2119 564 2315 609 accepe-

161 642 232 688 ris
269 642 487 701 litteras,
526 656 708 701 quaere
744 641 802 686 in
832 641 1032 687 fabricis
1071 641 1294 687 linteum
1315 642 1614 702 pulchrum,
1649 639 1938 686 latitudinis
1982 640 2178 697 solitae,
2216 638 2315 683 filis

162 731 309 779 tortis
332 743 382 777 et
403 731 554 777 sanis.
606 731 709 775 Nec
736 741 909 777 tamen
928 732 1267 778 necessarium
1291 742 1389 792 est,
1427 729 1649 792 optimae
1668 731 1734 775 sit
1761 740 1939 789 notae,
1976 745 2089 774 ecce
2109 743 2317 791 segmen

162 821 222 868 in
255 823 348 867 hac
377 823 613 882 epistola,
651 837 749 880 quo
775 823 932 867 utaris
974 822 1267 882 specimine.
1337 821 1523 867 Itidem
1555 821 1692 865 filius
1727 822 1833 878 ejus
1868 822 2016 865 Dom.
2043 819 2319 878 Mustapha

131 958 135 961 ,
164 912 314 969 jussit
332 928 415 957 me
436 923 486 957 te
509 913 727 956 salutare
751 926 841 956 suo
862 912 1072 957 nomine
1099 922 1149 956 et
1170 927 1341 974 rogare
1371 922 1453 970 ut,
1490 911 1533 955 si
1556 926 1708 971 penes
1734 927 1817 955 vos
1846 910 2147 955 linteamina
2177 908 2319 954 valde

163 1002 376 1049 subtilia
411 1002 516 1065 (46)
553 1002 858 1062 invenisses,
896 1017 1072 1047 eorum
1108 1001 1377 1048 duodecim
1413 1004 1518 1065 (47)
1557 1002 1689 1059 alba,
1726 1016 1934 1064 magna,
1973 1011 2088 1061 apta
2126 1013 2317 1044 crume-

165 1108 262 1138 nae
299 1096 405 1156 (48>
442 1092 542 1153 ipsi
575 1107 825 1151 sumeres,
863 1091 1090 1152 itemque
1121 1092 1390 1137 duodecim
1424 1092 1693 1154 variegata,
1725 1093 1855 1136 collo
1891 1088 2318 1152 circumliganda;

164 1181 374 1245 porro‘si
396 1181 530 1242 apud
550 1197 632 1226 vos
653 1182 972 1242 reperiantur
1001 1183 1318 1226 emunctoria
1336 1197 1543 1244 magna,
1578 1182 1677 1227 filis
1698 1182 1830 1226 sanis
1852 1182 2014 1242 iisque
2042 1181 2170 1223 bene
2202 1193 2316 1223 con-

165 1273 326 1333 sertis,
362 1287 577 1331 quorum
603 1282 797 1317 stamen
823 1272 889 1317 sit
907 1273 1144 1331 caesium,
1187 1273 1454 1317 subtemen
1474 1270 1660 1330 album,
1697 1271 1928 1333 gossypio
1958 1271 2106 1314 rubro
2129 1268 2317 1328 striata,

168 1378 272 1408 non
300 1361 717 1422 praedominante
738 1364 901 1407 colore
929 1364 1039 1407 albo
1064 1378 1144 1422 ac,
1183 1362 1316 1422 quod
1340 1361 1672 1421 praecipuum
1696 1361 1785 1419 sit,
1819 1371 1924 1406 tota
1951 1361 2059 1405 lino
2090 1370 2178 1404 aut
2206 1373 2317 1403 can·

166 1452 294 1498 nabo
319 1460 566 1509 contexta,
604 1466 668 1495 ne
700 1466 858 1495 cesses
879 1466 970 1495 nec
986 1452 1221 1496 vereraris
1250 1466 1306 1496 ea
1328 1452 1425 1496 fide
1462 1454 1566 1514 (49)
1604 1451 1824 1509 mittere,
1861 1451 2147 1510 periturum
2175 1448 2315 1493 enim

172 1541 310 1588 nihil
323 1557 338 1600 3
390 1539 434 1585 si
461 1555 576 1585 vero
605 1540 665 1585 ad
688 1541 914 1586 lubitum
933 1541 1148 1601 fuerint,
1187 1540 1324 1600 quod
1341 1542 1478 1585 Deus
1501 1541 1640 1599 velit,
1677 1542 1905 1584 multum
1928 1539 2046 1584 inde
2064 1539 2186 1585 boni
2211 1553 2317 1584 esse

167 1625 500 1678 nasciturum]
573 1631 911 1691 Quamobrem
932 1647 1043 1676 eme
1065 1630 1312 1690 linteum,
1350 1629 1554 1675 collaria
1582 1640 1631 1674 et
1662 1630 1976 1674 emunctoria
2005 1629 2168 1690 iisque
2193 1629 2316 1674 adde

168 1722 368 1768 flabella
391 1730 441 1765 et
463 1721 709 1781 pastillos,
748 1719 862 1766 cave
888 1731 1059 1766 tamen
1078 1737 1142 1766 ne
1168 1722 1483 1783 frangantur,
1521 1730 1571 1764 et
1590 1735 1706 1764 cura
1724 1731 1783 1765 ut
1800 1720 1961 1765 linteo
1980 1734 2163 1782 grosso,
2199 1719 2318 1764 alio-

171 1827 291 1872 que,
329 1826 440 1856 cera
462 1811 692 1871 oblinito,
732 1811 958 1871 obducta,
995 1794 1226 1856 vecturae
1251 1810 1598 1863 mercimoniis
1621 1810 2018 1871 transportandis
2043 1810 2320 1854 destinatae

170 1901 447 1948 tradantur.
519 1900 692 1957 Adjice
714 1911 969 1961 praeterea
1004 1901 1285 1962 specimina
1323 1901 1579 1961 omnium,
1640 1916 1769 1960 quae
1803 1899 1860 1944 in
1904 1900 2067 1960 patria
2100 1911 2187 1945 tua
2222 1915 2317 1944 usu

171 1991 387 2038 veniunt
424 1991 698 2050 mercium,
755 1991 908 2036 etiam
951 1992 1111 2052 panni
1149 1990 1305 2055 (49*)
1357 2006 1628 2051 earumque
1665 1991 1899 2036 omnium
1929 2001 2049 2036 nota
2082 1990 2318 2051 pretium.

171 2084 279 2129 Deo
312 2082 441 2126 bene
471 2091 699 2127 vertente
735 2096 902 2125 unum
930 2082 1076 2126 al‘teri
1103 2097 1277 2127 ansam
1305 2081 1454 2126 dabit.
1527 2081 1670 2142 Quod
1696 2091 1802 2127 tam
1823 2081 2061 2142 prudenti
2083 2096 2237 2141 quam
2259 2090 2319 2125 tu

177 2189 228 2219 es
259 2172 365 2218 viro
398 2170 516 2216 satis
552 2181 642 2216 est.
712 2171 968 2216 Praeterea
993 2172 1366 2234 benignitatem
1396 2172 1453 2216 in
1485 2186 1541 2216 eo
1564 2173 1916 2233 spectaverim,
1953 2182 2012 2216 ut
2040 2171 2173 2216 mihi
2190 2185 2318 2216 nun·

174 2262 294 2321 ties,
352 2277 481 2306 num
512 2262 643 2306 bona
680 2261 813 2321 apud
841 2276 924 2306 vos
965 2263 1213 2308 cudantur
1244 2278 1402 2321 arma,
1441 2277 1482 2307 e.
1513 2276 1558 2324 g.
1594 2264 1695 2308 tela
1729 2263 1871 2324 pyria
1906 2262 2161 2308 manualia
2197 2264 2317 2321 (50).

175 2354 312 2415 Quae
340 2351 383 2396 si
417 2351 549 2412 apud
578 2365 661 2394 vos
696 2351 1042 2412 reperiuntur,
1081 2369 1224 2398 sume
1248 2353 1381 2397 mihi
1416 2367 1505 2412 par
1537 2363 1623 2397 aut
1655 2353 1752 2398 duo
1778 2353 1916 2414 paria
1935 2349 2230 2413 speciminis
2249 2351 2318 2394 lo-

176 2459 258 2502 co,
303 2457 469 2487 unum
505 2440 671 2486 aeneis
713 2442 930 2488 alterum
967 2443 1220 2504 chalybeis
1261 2443 1467 2489 laminis
1512 2443 1791 2502 praefixum
1835 2446 1953 2503 (51).
2022 2441 2232 2486 Mittam
2261 2455 2317 2485 ea

175 2535 431 2579 Tunetem
463 2542 537 2591 et,
575 2529 663 2575 ubi
682 2532 1008 2592 popularium
1029 2549 1260 2579 meorum
1287 2532 1668 2579 necessitatibus
1691 2536 1761 2594 (9)
1800 2530 2150 2590 convenerint,
2187 2530 2318 2575 mul-

174 2636 225 2670 ta
255 2623 350 2669 tibi
384 2622 630 2667 mandabo
663 2624 1008 2683 comparanda.
1077 2626 1240 2684 Atque
1260 2625 1355 2669 hoc
1386 2624 1630 2668 habebam
1653 2623 1748 2667 tibi
1777 2622 2146 2683 exponendum.
2219 2621 2316 2665 Do-

175 2714 346 2760 minus
375 2723 545 2758 noster
574 2723 624 2757 te
658 2723 917 2757 conservet
941 2723 990 2758 et
1009 2714 1184 2773 faciat,
1224 2724 1281 2759 ut
1304 2714 1559 2774 optimum
1588 2713 1669 2757 abs
1701 2723 1751 2759 te
1774 2713 2051 2759 exaudiam.
2124 2711 2318 2757 Salutat

177 2816 227 2850 te
260 2805 453 2850 amicus
476 2813 609 2849 tuus.
686 2802 742 2846 N.

318 2893 574 2955 Scriptum
606 2893 685 2939 die
724 2893 792 2937 IV
823 2892 1010 2938 mensis
1040 2893 1264 2941 Januarii
1290 2892 1650 2941 MDCCCXIV.

1222 3091 1251 3124 2
