2635 3413
1084 279 1227 299 §w
1296 257 1326 305 6
1396 276 1538 296 Μ

241 389 450 448 „citum
489 392 670 452 quibus
701 394 821 439 hinc
843 393 902 438 ad
925 408 1009 437 vos
1040 391 1280 437 transitus
1317 390 1483 435 liceat.
1551 389 1778 435 Multam
1798 388 1894 435 tibi
1919 400 1970 436 et
2007 404 2256 453 gynaeceo
2283 398 2375 436 tuo

238 482 508 539 „salutem.
579 484 722 530 Pater
757 499 898 529 meus
935 483 1097 544 Alhag
1128 482 1279 527 Ornar
1349 514 1360 525 .
1434 514 1446 526 .
1518 513 1530 525 .
1597 488 1650 524 te
1684 481 1871 525 salvere
1899 480 2056 537 jubet.
2159 477 2370 542 Scripsit

239 571 471 628 „amicus
509 582 626 617 tuus

1452 657 1782 704 Mus-rann
1827 657 1963 703 filius
2035 693 2375 706 .....

1102 830 1553 851 ⁴——

1252 1031 1350 1089 IV.

513 1166 716 1221 Amico
762 1165 1059 1220 carissimo
1102 1162 1402 1241 Chavagae
1442 1162 1512 1218 N.
1542 1161 1613 1218 N.
1653 1179 1828 1236 quem
1868 1171 2172 1216 conservet
2207 1159 2379 1217 Deus.
2423 1157 2425 1159 ’

248 1347 383 1418 Post
424 1373 650 1417 multum
688 1369 993 1416 desiderium
1025 1368 1208 1414 faciem
1247 1378 1391 1414 tuam
1424 1365 1656 1427 videndi,
1693 1364 1958 1412 certiorem
1983 1376 2034 1413 te
2057 1367 2211 1429 facio,
2247 1370 2382 1432 quod

249 1465 348 1508 fine
368 1463 554 1507 mensis
581 1461 757 1506 Martii
780 1462 831 1505 h.
861 1475 902 1505 a.
926 1461 1132 1520 longam
1160 1459 1256 1504 tibi
1277 1457 1454 1518 scripsi
1480 1457 1770 1518 epistolam,
1808 1472 1907 1515 qua
1933 1457 2113 1502 multis
2141 1458 2201 1504 de
2218 1461 2380 1521 rebus,

249 1570 368 1613 quas
389 1565 535 1599 antea
555 1568 581 1596 a
600 1567 679 1596 me
698 1551 979 1596 sciscitatus
1008 1564 1128 1607 eras,
1143 1549 1239 1593 tibi
1261 1547 1482 1608 exposui.
1503 1547 1602 1591 Nec
1618 1562 1722 1592 non
1738 1547 1890 1591 libros
1913 1545 2006 1590 tibi
2026 1547 2146 1591 misi
2163 1549 2381 1595 arabicos

260 1660 360 1688 una
381 1659 497 1688 cum
520 1641 823 1687 librozmille
847 1651 1015 1684 noctes
1041 1649 1089 1683 et
1115 1655 1214 1683 una
1228 1653 1316 1698 per
1328 1638 1610 1698 Chavagam
1631 1637 1854 1681 amicum
1873 1646 2119 1697 nostrum,
2133 1647 2183 1683 et
2199 1641 2392 1703 longus

250 1735 323 1778 fui
348 1734 400 1778 in
423 1733 656 1778 omnibus
677 1732 820 1776 rebus
840 1731 932 1775 tibi
952 1729 1294 1790 perputandis.
1368 1728 1502 1772 Dein
1527 1727 1872 1788 exspectabam
1892 1742 2191 1787 responsum
2212 1738 2376 1774 tuum.

251 1826 446 1868 Interea
469 1834 638 1867 ortum
660 1832 734 1866 est
754 1822 947 1865 bellum
971 1820 1103 1864 inter
1134 1834 1306 1880 regem
1338 1827 1584 1876 vestrum,
1622 1832 1773 1876 quem
1792 1816 1930 1860 Deus
1952 1816 2193 1862 victorem
2211 1818 2377 1879 faciat,

252 1925 301 1959 et
314 1915 499 1960 Gallos.
520 1912 743 1958 Induciis
767 1926 880 1955 vero
910 1910 1043 1954 inter
1071 1924 1151 1954 eos
1187 1907 1445 1953 conventis
1479 1907 1604 1952 dixi:
1639 1907 1845 1951 fortasse
1870 1906 1965 1951 tibi
1985 1907 2157 1953 mittet
2178 1908 2386 1969 aliquod

252 2019 564 2064 responsum,
635 2001 719 2046 sed
748 2000 883 2044 nihil
921 1999 1236 2060 conspicatus
1266 2013 1393 2042 sum.
1466 1999 1602 2042 Tum
1628 2007 1798 2041 ortum
1828 2007 1902 2041 est
1927 1997 2122 2043 bellum
2141 1998 2276 2044 inter
2291 1999 2385 2044 im-

251 2106 531 2154 peratorem
545 2094 910 2138 Germanorum
929 2093 946 2145 (
951 2096 1032 2150 29)
1055 2100 1104 2134 et
1118 2089 1395 2146 Gallorum,
1417 2098 1467 2133 et
1489 2097 1799 2147 occuparunt
1812 2086 1945 2131 Galli
1965 2101 2138 2132 omnes
2157 2088 2384 2148 sereIlly-

253 2185 354 2229 riae
375 2195 576 2228 tractus.
647 2180 866 2227 Accessit
897 2179 1052 2224 etiam
1072 2179 1437 2224 Germanorum
1468 2177 1713 2222 exercitus
1736 2177 1942 2221 navibus
1964 2177 2217 2239 Anglicis,
2253 2181 2384 2224 mul-

252 2286 428 2334 tosque
444 2289 532 2334 per
557 2273 660 2317 dies
682 2286 845 2316 arcem
863 2269 1094 2331 Tergesti
1114 2268 1438 2326 obsederunt,
1475 2278 1704 2326 terraque
1727 2276 1777 2311 et
1807 2266 1961 2325 mari,
1998 2268 2265 2313 tormentis
2284 2269 2402 2314 bel--

252 2365 364 2410 licis
401 2368 506 2425 (25)
539 2362 755 2407 advectis
801 2358 1210 2422 exaggeratisque
1256 2357 1397 2402 vallis
1437 2359 1568 2416 (30),
1615 2366 1985 2400 tormentorum
2021 2359 2124 2415 (31)
2169 2369 2220 2404 et
2257 2374 2385 2404 mor-

253 2455 495 2499 tariorum
524 2457 629 2511 (32)
665 2451 1021 2512 pyrobolorum
1042 2448 1201 2511 globis
1225 2447 1528 2508 petiverunt,
1566 2446 1748 2505 absque
1776 2456 1835 2490 ut
1853 2447 2098 2506 oppidum
2115 2448 2234 2494 inde
2257 2451 2388 2494 mul-

253 2554 368 2588 tum
391 2542 685 2589 detrimenti
708 2551 924 2604 caperet,
962 2553 1270 2598 quamquam
1290 2537 1476 2599 viginti
1500 2536 1603 2581 dies
1623 2536 1717 2580 hoc
1749 2545 1883 2580 statu
1905 2538 2189 2599 exegimus,
2227 2538 2385 2584 Gallis

253 2633 432 2678 itidem
468 2637 571 2692 (33)
620 2632 780 2694 globis
815 2631 1060 2690 impetere
1098 2643 1202 2672 non
1241 2616 1563 2671 cessantibus.
1635 2624 1826 2684 Quibus
1864 2627 2214 2688 praeterlapsis
2251 2628 2387 2688 pacti

255 2733 397 2779 sunt,
431 2734 490 2767 ut
521 2723 783 2768 Gallorum
817 2719 1088 2777 exercitus,
1124 2733 1234 2763 arce
1266 2715 1442 2777 Anglis
1481 2725 1529 2760 et
1565 2715 1828 2761 Germanis
1858 2716 2060 2774 tradita,
2096 2717 2207 2762 sine
2235 2717 2383 2763 armis

255 2822 493 2856 exeuntes
513 2812 567 2857 in
585 2812 786 2857 Italiam
813 2811 1114 2856 recederent.
1186 2807 1329 2868 Quod
1346 2806 1499 2861 hujus
1519 2805 1842 2850 hebdomadis
1877 2805 2002 2850 feria
2029 2805 2246 2850 secunda
2274 2807 2388 2852 effe-

257 2901 361 2943 ctui
386 2901 559 2946 datum
582 2913 679 2960 est,
716 2902 962 2946 universis
1000 2901 1032 2944 i.
1051 2915 1091 2944 e.
1129 2896 1465 2958 septingentis
1502 2906 1549 2940 et
1577 2895 1709 2955 quod
1731 2895 1869 2940 hunc
1901 2910 2173 2942 numerum
2194 2896 2389 2941 excedit

259 2990 373 3033 viris
421 2991 597 3036 urbem
632 2991 1052 3050 relinquentibus».
1130 2988 1398 3046 Postquam
1426 2996 1596 3030 autem
1624 2984 1807 3047 egressi
1841 2995 1983 3030 erant
2021 2983 2178 3046 Galli,
2231 2974 2386 3047 Angli
